3458 4870
793 332 991 396 ,26-

292 516 429 577 divarum
450 512 676 577 sententiarum
696 512 821 595 propria
836 511 901 574 iam
916 516 998 574 esset
1011 511 1099 593 facta,
1118 512 1236 576 etiam
1254 511 1498 616 infinitivis5

291 630 463 692 terminum
485 628 536 691 vel
556 628 824 708 consecutionem,
852 646 1084 709 nonnunquam
1105 628 1200 691 etiam
1220 627 1390 690 consilium
1410 625 1495 687 indi-

292 743 451 823 cantibus,
481 743 698 825 appositam
719 760 819 822 esse,
844 742 929 825 quod
949 742 1013 805 iam
1033 741 1203 806 Homerica
1220 747 1320 806 aetate
1340 742 1496 805 usitatum

291 831 392 922 tuisse
405 859 466 921 loci
495 877 591 940 supra
614 858 849 921 commemorati
869 857 988 921 docent
1035 857 1185 921 Similiter
1210 856 1245 919 G.
1271 855 1495 919 Hermannum
1544 945 1549 953 .

292 975 409 1038 dehac
433 992 467 1036 re
488 974 624 1036 sensisse
642 991 679 1036 ea
698 971 897 1053 confirmant,
926 991 1007 1056 quae
1033 972 1109 1036 dicit
1134 973 1172 1036 de
1192 971 1304 1055 Ellipsi
1331 976 1363 1036 et
1384 970 1493 1034 Pleon.

291 1090 326 1150 in
354 1088 404 1151 Gr.
433 1089 543 1171 lingua
570 1086 678 1167 (Wolf,
706 1086 788 1151 Mus.
809 1093 870 1150 ant
899 1087 979 1151 stud.
1007 1087 1033 1168 Ι,
1051 1109 1079 1171 p.
1104 1089 1159 1153 191
1185 1085 1318 1170 seqqn),
1342 1087 1400 1149 has
1420 1105 1495 1149 con-

292 1205 480 1287 structiones
499 1203 636 1266 duarum
655 1202 852 1266 locutionum
869 1204 1090 1266 coniunctione
1105 1208 1196 1267 natas
1209 1222 1285 1267 esse.
1325 1200 1373 1264 Eo
1388 1207 1495 1266 tamen

292 1318 509 1398 dissentimus,
541 1316 626 1400 quod
655 1318 749 1380 etiam
777 1316 951 1380 Herm.·in
980 1318 1031 1381 his
1062 1319 1228 1382 structuris
1249 1318 1495 1400 comparativam

291 1435 452 1496 notionem
471 1434 641 1516 particulae
660 1423 738 1492 ὥστε
757 1432 874 1496 tribuit

373 1547 485 1631 Neque
511 1546 735 1631 negligendum
761 1567 830 1611 esse
858 1567 984 1628 censeo,
1011 1550 1106 1612 etiam
1131 1553 1203 1612 ante
1223 1547 1277 1610 inf.
1300 1548 1494 1611 demonstra-

294 1665 392 1726 tivam
419 1664 580 1729 notionem
600 1668 676 1746 part
698 1654 776 1722 dove
795 1662 880 1726 haud
901 1664 947 1726 ita
968 1663 1103 1727 alienam
1123 1682 1206 1742 esse;
1227 1663 1319 1726 facile
1340 1664 1427 1727 enim
1444 1663 1494 1724 in·

292 1779 462 1860 telligimus
483 1779 545 1840 dici
563 1779 704 1860 potuisse
723 1777 817 1840 Hom.
829 1777 916 1858 IAss:
939 1776 1061 1858 „Wenn
1080 1778 1154 1842 dein
1172 1778 1251 1842 Sinn
1266 1779 1362 1841 dahin
1373 1778 1499 1862 gerich-

291 1898 336 1956 tet
356 1895 411 1975 ist,
437 1913 471 1956 so
499 1890 805 1956 zuriickznkehren.“
852 1891 956 1968 Quare
984 1895 1073 1976 prius
1097 1884 1176 1952 ὥστε
1201 1913 1226 1956 o.
1249 1893 1345 1957 verbo
1371 1892 1437 1974 fin,
1465 1898 1496 1957 et

290 2013 360 2071 tum
387 2009 515 2072 demum
544 1999 623 2067 ὥστε
648 2028 672 2071 c.
700 2008 754 2071 1111.
781 2010 935 2072 usitatum
962 2009 1061 2073 fuisse
1083 2013 1174 2092 puto;
1201 2028 1236 2072 ac
1266 2014 1335 2071 tum
1366 2009 1495 2091 quidem
1554 2061 1558 2068 .

291 2142 357 2185 non
383 2124 502 2186 mirum
528 2128 584 2203 est,
608 2122 692 2206 quod
718 2123 801 2206 apud
822 2125 1009 2206 posteriores
1039 2124 1204 2206 scriptores
1234 2124 1304 2206 ipsa
1335 2127 1495 2187 structura

291 2237 461 2319 particulae
483 2228 561 2297 ὥστε
583 2256 607 2299 o.
627 2237 681 2299 inf.
709 2237 809 2300 multo
834 2238 929 2301 latius
953 2242 1043 2321 patet
1088 2238 1138 2302 Ita
1166 2258 1183 2302 e
1211 2238 1289 2302 locis
1311 2238 1448 2319 Thucyd.
1476 2259 1495 2301 a

291 2351 408 2414 Wildio
427 2351 592 2435 diligenter
601 2331 742 2415 collectis
757 2353 848 2415 facile
865 2355 1093 2435 cognoscimus,
1113 2354 1198 2437 apud
1210 2354 1297 2417 hunc
1311 2355 1494 2437 scriptorem

292 2467 386 2530 etiarn
406 2466 588 2549 ampliorem
608 2485 778 2530 numerum
798 2466 981 2549 verborum,
1008 2487 1089 2550 quae
1108 2463 1187 2528 ὥστε
1214 2488 1239 2530 c.
1260 2469 1314 2531 inf.
1342 2470 1494 2552 sequitur,

290 2582 440 2661 inveniri,
465 2602 561 2664 quam
580 2582 664 2665 apud
685 2581 883 2646 Herodotum
904 2589 1086 2666 ceterosque
1106 2584 1299 2666 antiquiores
1321 2585 1493 2667 scriptores.

291 2694 340 2758 Ita
359 2694 539 2760 Herodotus
557 2697 647 2759 varia
666 2695 763 2759 verba
783 2696 971 2760 decernendi
990 2697 1041 2761 vel
1061 2698 1239 2780 paciscendi
1261 2717 1336 2762 cum
1359 2698 1424 2762 solo
1444 2700 1493 2761 in·

290 2809 421 2892 finitiva
441 2830 598 2895 perpauca
617 2831 692 2876 cum
707 2817 784 2895 part
807 2802 886 2872 ὥστε
905 2813 1017 2896 iungit,
1038 2832 1112 2877 cum
1133 2813 1218 2897 apud
1237 2812 1377 2894 Thucyd.
1393 2813 1494 2878 multa

227 2904 231 2910 ¹
292 2925 360 2988 eius
379 2927 504 3008 generis
525 2926 669 3009 exempla
691 2932 821 2991 exstent

370 3037 517 3124 Denique
528 3041 692 3104 etiamhoc
706 3043 875 3125 quaeritur,
896 3043 991 3125 quid
1009 3043 1178 3107 intersit
1193 3044 1298 3107 inter
1316 3044 1383 3108 has
1397 3044 1494 3108 duas

291 3157 619 3220 constructiones.
842 3145 846 3151 ’

370 3268 477 3353 Atque
487 3270 676 3336 Matthiaeus
699 3273 829 3356 quidem
853 3274 983 3336 omnino
998 3274 1086 3344 1111111
1108 3274 1193 3357 quod
1204 3275 1335 3355 intersit
1356 3277 1492 3358 reperire

292 3404 326 3448 se
345 3404 438 3469 posse
457 3385 618 3468 professus
641 3391 695 3450 est
736 3387 850 3451 Postea
864 3388 1040 3471 complures
1056 3391 1119 3452 viri
1134 3389 1307 3455 doctissimi
1327 3389 1492 3474 (Hartung.

291 3498 402 3579 Klotz.)
426 3501 565 3583 primum
585 3501 620 3564 id
640 3508 723 3565 recte
743 3508 928 3583 statuerimt,
949 3494 1046 3563 ὥστε
1067 3524 1091 3567 c
1109 3504 1175 3567 inf.
1194 3505 1316 3568 nilnisi
1336 3505 1493 3588 supple·

290 3623 468 3680 mentum
495 3617 709 3700 praecedentis
740 3598 936 3701 cogitationis
962 3621 1055 3702 eique
1078 3619 1257 3684 subiectum
1284 3638 1365 3700 esse,
1396 3609 1493 3679 ὥστε

291 3751 315 3795 c.
340 3752 369 3794 v.
402 3732 468 3795 fin.
497 3734 752 3798 consecutionem
781 3733 833 3796 vel
860 3732 1007 3797 effectum
1035 3736 1234 3798 sententia
1262 3736 1337 3798 iam
1365 3753 1435 3817 per
1454 3753 1493 3798 se

291 3849 447 3911 valente
467 3848 649 3930 exprimere.
690 3846 794 3924 Quare
812 3868 878 3911 non
898 3849 1081 3912 mirandum
1101 3854 1156 3928 est
1176 3869 1229 3921 eas
1247 3850 1492 3930 enuntiationem

290 3982 373 4047 quae
392 3962 488 4026 verbo
509 3961 598 4026 finito
618 3981 784 4046 expressae
804 3968 888 4044 sunt
907 3982 999 4047 saepe
1018 3965 1137 4029 maiore
1157 3965 1279 4029 ambitu
1299 3984 1368 4029 esse
1382 3965 1492 4029 latius·

291 4081 354 4165 quc
372 4088 479 4166 patere
502 4102 598 4165 quam
618 4101 680 4162 eas
701 4102 784 4166 quae
805 4074 884 4144 ὥστε
906 4103 930 4146 c.
950 4082 1004 4145 inf.
1025 4081 1149 4145 habent

369 4195 409 4259 In
428 4199 478 4261 his
499 4217 539 4261 ne
560 4197 738 4262 subiectum
760 4199 888 4282 quidem
908 4200 1071 4282 proprium
1086 4197 1274 4281 plerumque
1287 4197 1397 4274 exstat
1418 4212 1492 4256 cum

290 4309 387 4373 altera
414 4318 572 4378 structura
592 4334 650 4378 suo
672 4314 812 4379 subiecto
833 4319 955 4394 utatur3
984 4314 1064 4378 illud
1084 4313 1170 4377 enim
1195 4311 1236 4374 ad
1259 4308 1410 4373 infinitivi
1435 4328 1492 4373 na·

290 4427 406 4502 turam,
434 4426 494 4492 hoc
519 4429 560 4492 ad
585 4431 811 4516 paratacticum
838 4448 941 4512 genus
968 4428 1093 4493 dicendi
1118 4432 1228 4515 aptum
1256 4432 1287 4493 et
1317 4444 1492 4492 accommo-
