3458 4870
743 332 944 395 *25-

341 512 406 576 193.
446 504 503 571 τὸν
524 507 558 570 δὲ
584 510 640 588 τῆς
664 504 836 588 Δήμητρος
857 505 977 588 καρπὸν
1001 494 1060 573 ὧδε
1090 509 1197 595 ἀγαθὴ
1225 515 1357 599 ἐκφέρειν
1376 519 1450 595 ἐστὶ,

240 615 319 685 ὥστε
339 675 345 687 .
362 670 371 684 .
391 620 543 685 ἀποδιδοῖ.

320 740 361 803 Π.
384 741 452 806 120.
495 735 533 800 ori
560 736 618 821 γὰρ
647 735 686 799 o>
713 730 795 801 οὕτω
821 762 852 821 γε
876 737 1093 822 φρενοβλαβὴς
1116 731 1188 823 cirri
1214 744 1361 826 Πρίαμος
1379 745 1450 810 οὐδὲ

179 942 184 952 ⁸
239 851 267 915 oi
287 850 399 916 ἄλλοι.
422 900 438 927 .,
461 847 540 916 ὥστε
559 850 735 915 κινδυνεύειν
753 850 928 932 ἐβούλοντο.

319 972 470 1036 Similiter
488 971 546 1053 ΠΙ,
560 973 607 1037 12.
624 974 673 1038 36.
689 972 738 1038 50.
771 971 829 1053 IV,
840 973 888 1038 75.
903 974 968 1039 159.
998 973 1055 1055 VI,
1070 976 1119 1041 83.
1138 977 1205 1043 120.
1232 977 1367 1060 vulo,
1382 981 1445 1045 174.

240 1086 330 1167 VIII,
343 1088 453 1154 5199.

319 1202 387 1266 lam
409 1223 506 1287 snpra
526 1204 615 1267 locus
631 1210 895 1268 commemoratus
905 1211 962 1285 est,
986 1225 1061 1288 qno,
1081 1207 1116 1268 in
1128 1207 1278 1289 primaria
1290 1208 1445 1272 sententia

240 1310 321 1379 οὕτω
343 1320 557 1402 praecedente,
577 1326 683 1384 tamen
703 1321 801 1385 altera
822 1322 978 1385 sententia
994 1322 1153 1403 primaria,
1174 1341 1240 1385 non
1256 1322 1444 1386 secundaria

240 1436 392 1517 sequitur.

317 1549 375 1631 ΠΙ,
387 1552 434 1615 12.
457 1546 488 1609 at
501 1548 534 1611 δὲ
555 1552 619 1611 τῶν
631 1550 704 1631 Aa.
724 1550 851 1634 κεφαλαὶ
873 1544 956 1611 οὕτω
977 1546 1017 1631 δή
1037 1573 1066 1611 τι
1088 1549 1219 1630 ἰσχυραὶ,
1237 1546 1327 1630 μόγις
1344 1542 1410 1609 ἄν.
1433 1594 1441 1610 .

238 1660 436 1743 διαρρήξειας.

317 1779 377 1844 oni
399 1780 594 1846 adiiciendns
616 1790 664 1846 est
683 1782 771 1861 altar,
791 1781 936 1861 ΙΠ,108;
965 1774 1047 1843 οὕτω
1069 1776 1108 1862 δή
1129 1803 1158 1841 τι
1178 1774 1349 1861 πολύγονόν
1367 1778 1442 1840 ἐστι·

236 1893 432 1956 ἐπικυΐσκεται
460 1898 578 1974 μοῦνον
609 1891 733 1957 πάντων
760 1897 889 1976 θηρίων.
939 1898 988 1961 Ita
1012 1917 1087 1962 voro
1114 1898 1292 1980 antiquiore
1315 1897 1443 1979 linguae

238 2016 346 2092 aetate,
367 2031 442 2075 cum
463 2015 565 2096 magis
585 2015 810 2096 paratacticum
832 2034 928 2096 quam
948 2014 1183 2097 hypotactioum
1194 2032 1298 2097 genus
1317 2012 1442 2076 dicendi

236 2127 271 2189 in
292 2147 355 2190 usu
375 2134 466 2207 esset,
485 2128 577 2192 facile
597 2130 691 2192 etiam
713 2128 775 2192 dici
795 2134 916 2215 poterat
937 2128 1002 2209 (IV,
1018 2128 1103 2205 roei:
1126 2128 1186 2209 „So
1205 2129 1323 2212 gingen
1339 2128 1384 2191 sie
1400 2147 1442 2190 zu

237 2241 377 2322 cumae,
399 2243 465 2306 und
487 2264 522 2307 so
544 2244 675 2307 kehrtsn
695 2264 760 2307 nur
777 2245 900 2328 wenige
919 2243 1070 2308 zuriick.“

317 2356 517 2434 Quomodo
539 2379 632 2423 vcro
646 2360 739 2425 fieri
757 2363 904 2444 potnit,
921 2366 964 2424 ut
983 2366 1074 2444 part.
1097 2352 1196 2420 ὥστε
1216 2378 1242 2422 c.
1263 2357 1331 2420 ini
1352 2358 1442 2420 iun·

234 2475 413 2555 geretur?

314 2588 422 2673 Atque
449 2598 485 2653 ut
506 2592 703 2671 omittamus,
732 2592 818 2674 qnod
838 2590 986 2655 Reiskius
1007 2589 1180 2673 proposuit,
1201 2594 1274 2651 ante
1295 2578 1374 2646 ὥστε
1394 2587 1443 2649 in·

234 2702 394 2768 finitivum
426 2703 583 2785 γίγνεσθαι
619 2725 689 2770 esse
724 2706 950 2789 supplendum,
980 2707 1120 2788 pn'mum
1150 2723 1220 2768 eam
1255 2704 1442 2767 sententiam

234 2818 414 2901 videamus,
450 2841 548 2903 quam
577 2820 663 2902 Joily
690 2821 709 2883 l.
737 2841 763 2884 c.
788 2842 817 2904 p.
846 2822 907 2886 mo
938 2821 1139 2904 paucissimis
1168 2818 1274 2883 verbis
1303 2818 1440 2902 protulit

164 2940 170 2951 '
234 2932 297 3009 Qui
326 2940 450 3015 censet,
479 2943 557 3020 part
584 2927 677 3011 ὥστε,
705 2931 748 3007 ὥς
773 2937 924 3019 (itemque
944 2936 1022 3000 alias
1042 2934 1225 3013 eiusmodi),
1256 2952 1331 2996 oum
1351 2932 1442 2995 initio

232 3049 381 3113 adverbia
401 3050 538 3131 fuerint,
564 3058 672 3135 postea
691 3052 938 3134 praepositiones
957 3070 1023 3113 non
1044 3050 1153 3114 minus
1174 3068 1271 3131 qnam
1292 3049 1443 3110 coniunc

229 3164 330 3227 tiones
349 3164 419 3229 fieri
441 3168 596 3248 potuisse;
625 3167 732 3248 itaque
751 3185 826 3228 cum
848 3165 944 3229 verbo
963 3165 1055 3229 finito
1074 3164 1332 3243 coniunctiones,
1368 3181 1442 3225 oum

232 3277 391 3344 infinitivo
422 3282 667 3365 praepositiones
693 3299 747 3344 eas
767 3299 837 3344 esse
858 3280 923 3361 (frz.
945 3281 999 3360 de,
1020 3280 1151 3345 deutsch
1173 3279 1233 3356 an).
1275 3278 1444 3360 Nusquam

231 3399 338 3457 tamen
358 3387 440 3455 ὥστε
460 3397 701 3480 praepositionis
727 3396 796 3459 loco
816 3397 977 3479 fungitur,
1002 3414 1108 3478 neque
1131 3392 1442 3479 praetermittendum

230 3516 293 3581 est,
320 3511 410 3574 nullo
438 3511 507 3576 loco
533 3519 604 3595 post
633 3513 703 3575 illas
725 3513 896 3596 particurlas
920 3510 1117 3575 infinitivum
1143 3529 1217 3573 cum
1243 3507 1375 3572 articulo
1395 3507 1444 3569 in·

229 3626 340 3705 veniri,
361 3626 456 3690 cuius
478 3648 568 3708 usus,
589 3647 663 3691 cum
681 3628 766 3711 apud
786 3629 982 3710 antiquiores
993 3627 1162 3709 scriptores
1173 3625 1282 3687 miuus
1297 3626 1444 3701 exstaret,

228 3746 335 3822 postea
355 3750 463 3806 tamen
481 3763 518 3807 eo
539 3743 634 3807 latius
654 3742 788 3826 patebat

307 3855 421 3940 Neque
450 3860 552 3941 magis
583 3858 778 3941 probandum
809 3877 879 3923 esse
907 3878 1019 3922 eorum
1054 3855 1261 3933 sententiam,
1298 3853 1368 3935 qui,
1408 3856 1445 3914 ut

227 3969 430 4045 Kuehnerus‚
452 3975 701 4056 comparativam
723 3975 886 4037 notionem
907 3972 1081 4056 particulae
1102 3962 1181 4031 ὥστε
1201 3969 1297 4033 ctiam
1321 3969 1355 4031 in
1378 3986 1445 4030 orn·

227 4084 321 4147 nibus
348 4088 565 4151 consecutivis
596 4087 871 4151 enuntiationibus
903 4085 1104 4152 retinendam
1135 4104 1205 4148 esse
1224 4088 1354 4167 putant,
1381 4082 1446 4143 iam

224 4216 320 4280 supra
341 4199 596 4264 demonstratum
616 4208 672 4265 est

304 4311 419 4397 Itaque
440 4316 557 4379 rectius
577 4317 656 4379 mihi
674 4315 801 4379 videtur
813 4322 961 4391 statuere,
982 4316 1171 4401 particulam
1194 4304 1307 4392 ὥστε,
1324 4309 1448 4373 initio

224 4429 444 4511 primarias
475 4431 705 4495 sententias
732 4433 1010 4519 incipientem,
1041 4438 1190 4512 postea,
1220 4426 1276 4492 ubi
1297 4444 1450 4491 consecu-
