3458 4870
780 314 900 397 „24
941 371 980 377 -

280 518 366 601 quod
387 517 479 596 mihi,
506 515 672 578 deficiente
689 513 842 596 particula
863 513 1054 596 copulativa,
1083 514 1191 576 minus
1212 518 1321 596 aptum
1348 533 1416 577 esse
1437 515 1484 575 vi-

280 633 391 710 detur.)

357 745 608 826 vm,140.143.
630 741 1032 822 IX,11.42(bis)80.122.

481 852 525 919 οὕ
530 882 573 919 το
595 850 704 920 ιόστεῑ

356 979 440 1061 1796.
463 971 583 1035 ἐλιαινον
603 967 661 1051 εἶχε
684 969 737 1033 οὐκ
751 967 861 1053 ὀλίγον,
885 964 966 1032 οὕτω
990 964 1068 1033 ὥστε
1088 968 1314 1051 πυνθανόμενοι
1344 973 1482 1055 ἐφοίτεον

278 1093 361 1174 παρά
383 1087 438 1152 τόν
460 1084 600 1168 Ληϊόκεα.

356 1207 414 1289 ΠΙ,
427 1208 475 1271 57,
505 1200 641 1282 μάλιστα
661 1197 829 1274 Ζαλοότεον,
855 1195 907 1262 ἅτε
928 1198 1041 1263 ε’όντων
1062 1198 1183 1263 αὐτοῖσι
1204 1198 1373 1281 μετάλλων,
1397 1197 1478 1265 οὕτω

279 1314 357 1383 ὥστε
376 1315 508 1400 ἀιδνῇς
530 1314 655 1397 δεκάτης
677 1313 839 1398 θησαυρὸς
860 1316 891 1377 ἓν
908 1317 1057 1400 Δελφοΐσι
1078 1313 1239 1379 ἀνακέεται.

398 1438 464 1502 104,
485 1434 557 1493 καίει
577 1429 633 1512 τὴν
652 1428 790 1507 Ἐλλάδα,
814 1424 895 1493 οὕτω
919 1424 997 1493 ὥστε
1017 1428 1107 1512 λόγος
1126 1430 1189 1493 ἐστὶ
1210 1478 1217 1492 .
1237 1478 1245 1493 .
1268 1482 1276 1496 .

357 1552 480 1633 ΙΧ,67.
500 1552 566 1615 118.
600 1544 628 1607 οἱ
653 1545 713 1606 de
736 1548 781 1631 τῷ
808 1546 900 1625 τείχεϊ
922 1546 952 1620 ἐς
978 1549 1039 1607 πᾶν
1064 1542 1123 1627 ἤδη
1148 1549 1241 1608 κακοῦ
1266 1543 1371 1628 άτιιγμ.
1392 1535 1480 1628 ἦσαν,

279 1659 361 1729 οότω
384 1658 464 1727 ὥστε
484 1659 559 1736 τοὺς
581 1660 692 1735 τόνους
712 1660 837 1740 ἕψοντες
857 1664 920 1723 τῶν
937 1660 1058 1723 κλινέων
1075 1662 1235 1727 ἐσιτέοντο.

357 1782 484 1844 Talibus
512 1781 588 1843 locis
617 1784 700 1848 certe
725 1780 970 1843 demonstrativa
998 1780 1170 1862 particulae
1195 1782 1281 1843 notio
1309 1782 1391 1845 clare
1413 1801 1482 1865 pcr-

279 1899 418 1982 spicitur.
461 1894 651 1958 Kuehnerus
674 1894 802 1977 quidem
824 1893 979 1973 (similiter
999 1893 1127 1978 Herzog
1139 1895 1167 1978 ¹l.
1190 1915 1227 1977 c,
1247 1895 1371 1978 Wisen,
1392 1897 1430 1960 de
1448 1899 1482 1960 vi

277 2018 309 2076 et
324 2032 388 2076 usu
407 2016 483 2094 part
505 2006 547 2081 ὥς
567 2011 651 2093 apud
671 2010 809 2090 Thucyd.
832 2009 916 2073 Diss.
938 2009 1042 2091 Lund,
1065 2010 1153 2088 1862)
1174 2011 1221 2073 nil
1241 2013 1304 2075 nisi
1321 2032 1481 2095 compara·

276 2130 375 2190 tivam
392 2128 458 2188 vim
479 2127 509 2189 ei
531 2125 654 2205 tribuit3
687 2116 785 2206 „aiore
813 2125 881 2188 und
909 2120 951 2196 air
971 2125 1128 2189 bedenten
1147 2127 1250 2190 nichts
1270 2128 1413 2191 Anderes
1434 2128 1482 2191 als

277 2244 349 2306 wie
376 2242 451 2305 oder
473 2242 542 2322 als,
569 2242 677 2304 indam
705 2242 750 2304 sie
777 2240 833 2304 das
860 2240 1059 2305 Verhaltniss
1088 2241 1245 2325 angeben,
1269 2244 1337 2306 wie
1364 2243 1481 2307 dicim

277 2356 453 2420 Nebensatz
476 2356 704 2439 ausgedriickte
721 2355 881 2439 Wirkung
902 2355 977 2419 oder
995 2355 1091 2440 Folge
1110 2377 1153 2420 zu
1172 2357 1228 2421 der
1244 2359 1290 2420 im
1304 2356 1480 2441 Hauptsata

277 2472 529 2555 ausgedriiolrten
546 2470 685 2534 Ursache
702 2468 839 2534 stehen.“
881 2467 973 2544 Quod
988 2490 1062 2533 cum
1075 2473 1368 2554 antiquissimorum
1385 2474 1481 2556 scrip-
1566 2523 1580 2529 ,

276 2592 384 2650 torum
413 2587 611 2669 simplicitate
641 2605 754 2670 parum
783 2586 862 2648 mihi
888 2587 1064 2649 consentire
1092 2587 1226 2651 videtur.
1274 2587 1341 2651 Nec
1371 2590 1480 2653 minus

277 2702 357 2764 dura
381 2706 428 2764 est
454 2703 666 2784 interpretatio
689 2701 848 2781 locorum,
875 2701 993 2784 quibus
1020 2692 1098 2761 ὥστε
1125 2723 1151 2768 c.
1178 2702 1233 2765 inf.
1256 2704 1402 2767 iunctum
1423 2709 1477 2767 est.

275 2816 324 2879 lta
356 2807 434 2876 ὥστε
465 2821 535 2899 post
568 2837 598 2878 v.
629 2815 791 2879 occidendi
821 2815 947 2879 Kuchn.
976 2837 1005 2899 p.
1031 2817 1091 2882 583
1108 2817 1147 2880 Α.
1172 2820 1208 2882 11
1244 2819 1479 2901 interpretatur:

277 2930 339 3011 „Es
359 2933 497 3015 ereignet
517 2931 584 2994 sich
605 2935 700 2994 etwas
713 2951 778 2994 von
796 2931 852 2994 der
865 2931 935 3011 Art,
955 2931 1027 2994 dass
1048 2980 1055 2993 .
1079 2979 1086 2992 .
1110 2931 1137 2994 .“
1178 2932 1223 2995 At
1236 2933 1310 2997 licet
1321 2933 1478 2997 infinitivo

275 3066 349 3108 curn
371 3037 449 3106 ὥστε
470 3046 542 3109 talis
563 3046 648 3109 notio
669 3047 754 3126 insit,
774 3066 855 3109 num
875 3046 970 3108 etiam
990 3036 1068 3105 ὥστε
1089 3066 1115 3112 e.
1135 3047 1199 3109 ind.
1222 3047 1272 3112 vel
1295 3049 1478 3131 imperativo

274 3163 334 3224 hoc
359 3161 453 3224 modo
483 3162 633 3243 explicari
658 3162 781 3243 potest?
824 3159 909 3236 Quin
930 3162 1025 3225 etiam
1047 3164 1218 3226 sententiae
1238 3164 1478 3247 interrogativae

164 3338 172 3351 ,
278 3276 441 3339 interdum
455 3280 561 3358 apert.
585 3267 663 3335 ’ὥστε
683 3277 849 3359 incipiunt,
872 3275 1012 3356 (Passovv
1025 3297 1049 3339 s.
1061 3298 1091 3339 v.
1105 3272 1192 3360 ὥστε,
1209 3278 1292 3359 Π,2)
1312 3281 1346 3341 in
1362 3279 1479 3363 quibus

274 3392 520 3474 comparativam
543 3391 702 3473 quandam
722 3392 883 3455 notionem
904 3393 1010 3455 animo
1034 3394 1192 3475 scriptoris
1203 3394 1398 3458 obversatam
1409 3414 1478 3459 esse

274 3526 368 3570 nemo
389 3507 591 3570 contenderit.

353 3623 450 3705 Sane,
476 3643 541 3686 non
559 3622 708 3686 omnibus
735 3623 812 3686 locis
837 3624 886 3686 vis
905 3625 1071 3706 primariae
1092 3626 1264 3688 sententiae
1288 3626 1474 3688 continetur.

274 3737 461 3820 Saepissime
482 3740 584 3819 enim,
613 3740 695 3802 sicut
719 3741 753 3801 in
775 3739 871 3802 altera
892 3745 1064 3820 structura,
1092 3761 1156 3823 qua
1180 3741 1358 3805 infinitivus
1383 3761 1477 3804 usur-

271 3857 374 3936 patur,
393 3854 456 3915 iam
477 3855 514 3915 in
534 3856 688 3918 sententia
708 3854 910 3918 antecedente
927 3873 1141 3936 pronomen
1162 3860 1228 3919 aut
1246 3856 1476 3920 adverbium

272 3968 633 4032 demonstrativum
653 3971 823 4033 invenitur.
866 3968 941 4032 Loci
962 3968 1132 4033 Herodotei
1153 3971 1186 4033 hi
1208 3978 1297 4035 sunt:

350 4084 376 4166 I,
396 4084 445 4149 32,
487 4080 507 4160 ἦ
537 4081 570 4142 δὲ
601 4079 730 4163 ἡμετέρη
761 4080 937 4164 εὐδαιμονίη
971 4076 1052 4146 οὕτω
1088 4107 1136 4145 τοι
1164 4081 1347 4167 ἀπέρριπται
1378 4085 1408 4157 ἒς
1438 4082 1474 4146 τό

270 4196 374 4279 μηδὲν,
394 4189 472 4259 ὥστε
494 4243 501 4257 .
525 4248 531 4261 .
554 4247 561 4261 .

389 4316 437 4380 98.
479 4308 690 4394 μεμηχάνηται
712 4313 744 4375 δὲ
766 4307 958 4390 drinnacium
981 4362 1013 4379 ,.

370 4429 437 4501 185.
479 4424 533 4489 τὸν
551 4425 719 4515 Ειῗφρήτην
738 4423 818 4492 οὕτω
838 4426 877 4513 δή
897 4454 926 4491 τι
947 4429 1066 4513 ἐποίησε
1086 4426 1215 4506 σκολιόν,
1232 4423 1317 4511 dora
1338 4425 1376 4511 δὴ
1399 4476 1431 4495 ..
1453 4479 1460 4495 .
