3458 4870
749 360 948 423 ..27-

250 540 359 603 danim
379 546 433 603 est
475 538 629 619 (Dubium
648 534 718 603 esse
737 544 846 623 potest,
864 544 971 603 utrum
993 538 1032 619 11,
1043 540 1079 603 71
1096 533 1218 599 ἀκόντια
1234 540 1312 620 subj.
1327 559 1368 603 en
1384 539 1444 619 obj.

250 655 297 717 sit
337 653 439 718 Facile
459 655 545 718 enim
564 650 722 715 ποιέεσθαι
742 655 868 719 mediuli
889 673 985 718 sensu
1001 646 1121 720 dictum
1141 674 1210 720 esse
1226 654 1345 739 petest)

238 832 241 841 ,
329 768 390 833 Sed
416 770 444 833 si
472 769 511 834 ds
535 770 604 854 ipso
631 788 729 834 sensu
760 770 875 833 horum
899 771 1136 834 enuntiatorum
1161 771 1279 854 agium,
1309 770 1448 853 primum

249 885 356 947 notio
376 884 520 948 finalis
540 885 734 969 respicienda
754 885 886 949 videtur.
933 884 1040 967 Atque
1060 884 1234 965 infinitivo,
1260 885 1311 949 vel
1331 886 1449 949 omissa

248 998 299 1062 vel
322 998 427 1062 additu
454 1000 620 1082 particule,
653 1002 777 1084 saepius
804 1001 965 1064 notionem
984 999 1113 1081 finalem
1143 1001 1248 1063 inesse
1271 1001 1335 1063 iam
1353 1019 1449 1083 supra

249 1113 499 1177 demonstratum
518 1120 582 1194 est3
603 1114 723 1178 verbo
741 1115 858 1179 finito
878 1122 985 1179 temen
1003 1134 1209 1197 nunquam
1229 1114 1450 1179 eonsilium

248 1228 418 1312 significari
444 1236 573 1293 constet
613 1230 709 1314 Apud
729 1230 927 1295 Herodotum
953 1250 1039 1294 unus
1060 1236 1185 1294 tentum
1205 1230 1295 1294 locus
1315 1236 1380 1311 est,
1409 1232 1450 1296 de

249 1363 313 1426 quo
338 1344 474 1407 dubitari
503 1350 611 1429 potest.
668 1345 814 1429 Namque
834 1346 897 1426 ΠΙ,
919 1346 975 1426 36,
1005 1345 1061 1408 ubi
1089 1345 1129 1408 de
1155 1344 1322 1427 Cambysis
1351 1348 1450 1411 servis

248 1457 400 1524 Croesum
420 1479 534 1524 necare
555 1461 652 1525 iussis
667 1461 798 1544 scriptor
815 1460 966 1543 loquitur,
986 1460 1170 1526 verbahuec
1190 1466 1280 1524 sunt:
1302 1458 1350 1520 ἐπὶ
1370 1461 1449 1544 τῷδε

247 1574 296 1656 τῷ
317 1568 408 1657 λόγῳ,
429 1566 508 1636 ὥστε
524 1619 551 1634 ..
572 1573 598 1634 εἷ
614 1571 673 1653 μὲν
685 1569 883 1654 μεταμελήσει
904 1575 950 1655 τῷ
972 1569 1143 1657 Καμβύσῃ,
1165 1574 1252 1654 δῶρα
1263 1569 1450 1653 λάμψονται,

247 1680 284 1767 ἢν
311 1687 344 1749 δὲ
371 1684 417 1768 μὴ
441 1687 646 1769 μεταμέληται
769 1685 838 1751 τότε
865 1690 1095 1767 καταχρᾶσθαι.
1145 1690 1336 1755 Kuehnerus
1364 1691 1450 1754 hune

246 1805 353 1868 locum
376 1807 417 1869 iis
436 1806 591 1890 exemplis
617 1806 775 1891 adiungit,
801 1807 836 1869 in
863 1806 980 1890 quibus
1002 1797 1080 1866 ὥστε
1107 1807 1191 1870 idem
1218 1811 1266 1870 est
1292 1806 1378 1889 quod
1393 1818 1452 1887 „ea

246 1920 433 2001 conditione,
452 1921 516 1986 ut‘.
537 1921 623 2005 quod
643 1922 769 2003 probari
789 1942 855 1985 non
875 1926 983 2006 potest.
1024 1921 1137 2004 Neque
1156 1923 1243 1985 enim
1262 1921 1451 1986 conditionis

247 2034 432 2119 significatio
450 2037 487 2100 in
508 2054 544 2100 eo
564 2035 633 2099 loco
654 2036 752 2118 inest,
773 2037 846 2118 sed,
873 2042 910 2100 ut
929 2035 1097 2099 Abiohtius
1117 2042 1200 2099 reete
1220 2037 1451 2120 interpretatu,

246 2149 323 2214 haec
339 2151 568 2216 estrcrborum
578 2155 747 2216 sententie:
771 2153 895 2233 ,iudom
906 2154 952 2217 sie
971 2151 1029 2215 auf
1046 2152 1104 2216 dio
1115 2150 1223 2216 Weise
1243 2153 1452 2232 calculierten,

247 2266 320 2330 dass
341 2315 348 2329 .
370 2265 407 2346 .“,
428 2286 569 2351 quocum
590 2270 748 2332 consentit
767 2267 919 2332 Passowii
939 2268 1043 2331 versio
1064 2265 1150 2346 (Iex.
1163 2287 1188 2330 s.
1206 2287 1234 2329 v.
1255 2260 1374 2346 tepori:
1398 2267 1450 2347 „in

248 2380 304 2444 der
322 2380 594 2467 Vorsussetzung,
615 2382 689 2447 dass
710 2385 756 2448 sie
777 2383 963 2468 empfnngen
985 2382 1142 2446 wiirden.“

325 2496 407 2560 Tum
426 2517 503 2563 vero
523 2498 558 2561 id
576 2499 716 2564 maxime
737 2500 909 2583 quaeritur,
929 2517 1083 2562 verumne
1104 2499 1159 2578 sit,
1184 2497 1269 2580 quod
1290 2498 1351 2559 viri
1370 2496 1453 2558 docti

246 2612 460 2694 contendrmt,
491 2613 588 2677 altera
608 2620 768 2677 structura
788 2615 836 2695 id,
861 2613 965 2697 quod
984 2632 1081 2677 vere
1100 2612 1249 2675 fectum
1271 2613 1328 2691 sit,
1355 2611 1452 2674 alters

248 2727 348 2810 quod
364 2727 455 2792 fieri
476 2733 630 2792 tentum
650 2730 791 2811 possit,
812 2729 973 2792 contineri.

327 2841 375 2904 Ite
395 2843 527 2925 quidem
547 2842 740 2908 Kuohnerus
760 2849 792 2907 et
812 2843 953 2925 Kochius
974 2842 1106 2922 (Griech.
1118 2842 1181 2919 Gr.)
1201 2845 1448 2925 interpretantur
1476 2834 1481 2839 ’

246 2955 371 3020 Kuehm
392 2959 480 3021 enim
502 2958 542 3021 de
562 2948 641 3018 ὥστε
661 2978 687 3022 c
707 2957 762 3021 int
782 2959 865 3021 hene
885 2960 1074 3022 sententiam
1094 2958 1212 3042 profert
1231 2960 1250 3039 ἐ
1269 2958 1340 3036 584,
1361 2958 1394 3020 1;

326 3069 404 3151 „Dio
424 3072 521 3157 Fulge
541 3074 583 3136 ist
602 3075 674 3138 eino
696 3073 783 3137 bloss
802 3072 922 3153 ideellc,
942 3073 1028 3137 bloss
1048 3075 1083 3136 in
1104 3073 1159 3138 der
1178 3073 1384 3157 Vorstellung
1403 3072 1456 3136 be-

246 3185 408 3269 findliehe,
435 3188 525 3252 nicht
545 3188 680 3271 objectiv
701 3190 735 3250 in
756 3188 813 3253 der
831 3188 1052 3252 Wirlrlichkeit
1071 3188 1265 3273 gegebene“;
1292 3197 1323 3253 et
1349 3193 1458 3271 postea

247 3304 266 3381 ἓ
285 3301 357 3381 586,
378 3304 407 3383 6,
427 3306 459 3383 3,
490 3303 547 3368 ubi
571 3305 610 3369 de
631 3304 802 3368 indicativo
827 3305 943 3388 agium:
973 3302 1055 3385 ,Der
1074 3303 1142 3367 Inu
1169 3305 1268 3383 steht,
1292 3322 1387 3367 wenn
1407 3302 1457 3364 die

245 3415 340 3500 Fulge
368 3418 414 3482 als
439 3418 511 3484 eine
538 3420 683 3484 wirlrlich
710 3419 933 3486 stettfindende
960 3420 1213 3504 ausgesprochen
1237 3419 1336 3499 wird,
1362 3418 1458 3481 daher

245 3530 295 3595 bei
315 3532 450 3618 Angabe
472 3554 536 3598 von
556 3534 762 3615 wirlrlichen,
789 3537 824 3598 in
844 3536 931 3600 einer
951 3535 1154 3599 bestimmten
1174 3533 1241 3599 Zcit
1262 3532 1459 3597 stettfinden·

245 3646 306 3711 den
328 3645 560 3733 Ereignissen“
702 3621 708 3630 “

325 3763 391 3827 Alii
411 3785 498 3845 vero,
518 3766 552 3828 in
575 3766 694 3848 quibus
704 3764 885 3829 Passowius
906 3763 991 3843 (Isin
1004 3786 1026 3827 s.
1038 3785 1066 3827 v.
1088 3756 1178 3840 ὥστε)
1200 3761 1381 3828 stWildius
1395 3762 1460 3841 lc,

246 3878 384 3943 mediam
406 3881 568 3964 quendem
589 3882 676 3943 viem
696 3888 882 3964 sequuntur.
926 3880 1071 3958 Quorum
1091 3880 1144 3943 ille
1167 3898 1232 3943 non
1254 3884 1358 3963 neget,
1378 3876 1461 3940 indi·

246 3995 349 4059 cetivo
370 4015 421 4060 res
441 4015 516 4060 rere
543 3996 640 4060 factas
662 3976 833 4078 contineri,
859 4018 924 4061 non
946 4005 1053 4062 tamon
1074 4014 1206 4079 prorsus
1228 4013 1282 4059 eas
1303 3993 1342 4057 ab
1363 3992 1462 4055 ultera

247 4116 408 4175 structura
436 4112 591 4191 excludit,
619 4112 728 4176 dicens
755 4115 849 4177 etiam
874 4114 1034 4178 infinitivo
1066 4131 1135 4176 rem
1155 4131 1230 4177 rere
1254 4109 1370 4173 factem
1391 4111 1462 4169 tum

247 4227 401 4310 exprimi,
434 4247 508 4291 cum
536 4246 699 4290 summum
725 4228 850 4311 pondus
883 4229 918 4292 in
950 4229 1109 4293 sententie
1135 4225 1287 4309 primarie
1311 4222 1463 4308 positum,

248 4343 431 4406 consecutio
444 4343 576 4405 minoris
588 4342 728 4425 putanda
744 4344 791 4406 sit
825 4342 1035 4425 Quaereguln
1045 4342 1130 4407 haud
1150 4343 1216 4404 scio
1232 4357 1274 4401 sn
1293 4354 1463 4419 nunquam

249 4458 405 4542 exemplis
425 4460 502 4523 satis
521 4458 699 4523 confirmari
715 4460 820 4543 possit
866 4458 1095 4545 (temperantes
1111 4456 1198 4523 euim
1211 4456 1270 4519 hos
1281 4454 1362 4519 duos
1377 4452 1465 4517 locos
