3458 4870
750 380 948 442 ,11-

249 558 343 620 ricis
364 577 491 640 quoque
518 557 642 622 duobus
670 560 836 642 exemplis,
864 558 982 642 quibus
1009 550 1089 618 ὥστε
1115 579 1139 620 c.
1160 559 1214 622 inf.
1236 560 1382 622 iunctum
1400 560 1448 621 in-

250 673 384 753 venitur,
405 675 611 757 cognoscitur.

388 787 479 867 L43.
500 787 526 847 εἰ
545 785 578 848 δέ
598 787 647 848 σοὶ
672 783 758 869 αὐτῷ
779 783 886 866 θυμὸς
907 787 1079 862 ἐπέσσυται,
1102 780 1181 850 ὥστε
1201 786 1332 851 νέεσθαι.

391 903 448 967 ubi
475 902 625 968 Iohrsius
668 902 726 984 (De
752 904 848 968 Arist
876 905 957 968 stud.
979 904 1072 968 Hom.
1094 926 1122 988 p.
1144 903 1220 982 160).
1262 898 1448 964 ἀπονέεσθαι

388 1026 497 1082 contin
516 1019 603 1083 codd.
625 1021 795 1102 proposuit

388 1155 415 1212 ρ,
436 1135 484 1199 21.
506 1128 543 1193 αὖ
560 1130 619 1213 γὰρ
640 1132 687 1193 ἐπὶ
708 1135 878 1212 σταθμοῖσι
899 1132 997 1211 μένειν
1017 1130 1059 1195 ἔτι
1080 1133 1198 1213 τηλίκος
1216 1134 1283 1213 εἰμὶ,

388 1241 464 1308 ὅστ’
484 1247 695 1333 ἐπιτειλαμένῳ
718 1245 889 1328 σημάντορι
910 1243 1010 1309 πάντα
1030 1246 1203 1314 πιθέσθαι..

208 1388 211 1393 “
328 1364 474 1427 Alterum
500 1365 615 1428 horum
641 1383 794 1429 versuum
813 1364 963 1429 [ehrsius
990 1367 1136 1448 spurium
1155 1385 1224 1430 esse
1246 1366 1388 1451 putabat,
1409 1386 1449 1431 ne

250 1479 300 1541 hic
320 1479 449 1562 quidem
471 1486 554 1544 recte
573 1481 726 1544 iudicans.
768 1481 900 1544 1111111111
918 1483 1003 1544 enim
1023 1501 1068 1560 eo,
1087 1482 1173 1564 quod
1188 1482 1314 1546 duobus
1325 1487 1449 1546 tantum

249 1593 327 1657 locis
354 1613 392 1657 ea
415 1597 607 1658 constructio
633 1604 744 1675 exstat
771 1598 900 1659 omnino
926 1616 996 1661 cum
1021 1597 1188 1661 delendam
1206 1617 1276 1662 esse
1296 1599 1448 1680 sequitur,

250 1711 431 1792 praesertim
452 1688 526 1774 cum
547 1713 643 1774 etiam
663 1711 734 1774 uliis
755 1713 960 1794 antiquorum
982 1714 1171 1796 scriptorum
1181 1713 1258 1776 locis
1269 1714 1450 1796 reperieun.

249 1824 350 1888 Immo
370 1824 484 1888 iisdem
505 1825 568 1889 illis
589 1827 743 1909 exemplis
764 1828 856 1910 quasi
877 1828 964 1910 origo
985 1829 1055 1892 eius
1073 1836 1255 1894 scructuroe
1265 1832 1449 1894 continetur.

249 1940 337 2004 Alias
358 1942 445 2004 enim
465 1939 641 2006 Homerum
662 1941 820 2005 infinitivo
841 1943 907 2005 solo
928 1962 1026 2006 usum
1046 1962 1115 2007 esse
1137 1945 1212 2008 sotis
1232 1951 1360 2009 constat

327 2055 376 2121 De
396 2057 499 2140 priore
521 2057 589 2121 loco
609 2057 693 2134 143
715 2058 811 2120 ctiam
821 2057 928 2120 1111111
939 2078 967 2140 p.
981 2059 1058 2124 1037
1082 2057 1245 2137 dubitavit
1264 2059 1451 2124 anverbum

250 2168 411 2232 ἐπέσσυται
437 2171 580 2235 absolute
604 2171 845 2254 intelligendum
871 2173 912 2235 sit
931 2198 972 2225 =
992 2192 1103 2251 „wenn
1132 2174 1205 2237 dein
1229 2174 1359 2238 Inncres
1382 2176 1450 2239 auf-

249 2294 355 2371 geregt
376 2289 426 2365 ist
448 2307 483 2351 so
504 2287 576 2351 dass
596 2287 641 2350 du
661 2287 930 2351 zuriickkehrest‘.
971 2286 1140 2373 Repugnat
1159 2295 1265 2352 tamen
1286 2309 1366 2353 usus
1381 2291 1450 2354 cius

250 2401 345 2483 verbi,
376 2421 500 2485 semper
531 2402 642 2483 finem,
669 2403 725 2485 qui
753 2404 885 2486 petitin,
916 2403 1099 2486 significans
1131 2398 1289 2484 (ἄγορήνὸε
1314 2404 1351 2479 Β,
1380 2406 1448 2472 208,

250 2512 339 2597 νῆάδε
359 2541 390 2593 ν,
421 2519 467 2593 19,
492 2518 552 2595 ali)
594 2518 688 2582 Solus
713 2518 767 2581 1111
795 2523 898 2582 exstat
926 2519 972 2592 (D,
1001 2521 1058 2584 691
1086 2514 1302 2579 ὅδ’ἓπέσσατο
1324 2514 1450 2584 διώκειν.

250 2634 351 2698 Semel
373 2633 502 2717 quidem
522 2633 666 2696 absolute
686 2633 807 2697 dictum
827 2633 960 2714 videtin,
977 2634 1016 2714 Α,
1030 2635 1104 2699 113ε

329 2754 418 2831 φεῦγε
438 2743 520 2827 μάλ’,
542 2743 631 2807 εἶ’ται
652 2743 760 2825 θυμὸς
780 2745 953 2822 ἕπέσσιιται,
976 2750 1031 2813 sed
1052 2768 1089 2813 eo
1108 2749 1176 2813 loco
1200 2756 1283 2814 celte
1305 2749 1452 2833 supplen-

250 2865 309 2928 dus
330 2872 378 2929 est
398 2863 576 2927 infinitivus
597 2857 756 2944 (φεύγειν),
781 2867 837 2949 qui
857 2883 891 2928 re
912 2884 987 2928 vers
1006 2866 1128 2949 positus
1148 2872 1196 2930 est
1216 2865 1322 2945 1398.
1352 2865 1451 2948 Aper-

250 2981 313 3043 tius
333 2978 503 3043 consilium
523 2979 768 3063 indicaturpart
786 2975 871 3063 rippa
886 2981 923 3055 Z,
937 2982 1006 3061 361,
1027 3000 1108 3063 quse
1125 2983 1220 3044 etiam
1228 2988 1299 3064 post
1306 2979 1451 3057 λίσσομαι

251 3095 367 3159 etalio
393 3095 549 3158 eiusmodi
569 3095 678 3176 verba,
707 3115 788 3180 quae
815 3097 940 3178 saepius
967 3096 1145 3159 infinitivus
1167 3095 1320 3178 sequitur,
1341 3100 1451 3158 exstat

251 3209 341 3286 Quod
367 3214 473 3273 tumen
501 3208 692 3275 Kuchnerus
717 3219 824 3276 censet
851 3214 889 3293 (p.
914 3213 982 3291 895,
1006 3213 1044 3274 n
1064 3212 1104 3290 3),
1123 3209 1294 3294 particulas
1315 3206 1376 3283 tm,
1399 3204 1450 3282 uic,

250 3320 336 3407 ὄφρα
368 3324 452 3408 apud
478 3323 570 3388 Hom
603 3327 729 3409 saepius
762 3327 795 3389 id
826 3324 1011 3408 significare,
1031 3326 1123 3410 squod
1155 3326 1238 3410 apud
1266 3325 1452 3410 posteriores

251 3443 416 3525 scriptores
446 3448 523 3524 part
565 3431 646 3501 ὥστε
671 3442 868 3525 exprimatur
894 3444 962 3521 1,,111
985 3442 1177 3506 erwurtende
1203 3441 1278 3505 oder
1296 3439 1452 3523 moglicho

251 3556 387 3641 Folge“)‚
415 3568 480 3620 n'on
509 3564 585 3640 puto
612 3557 645 3621 id
673 3558 751 3620 locis
776 3555 897 3636 11111110
924 3556 1027 3621 allatis
1052 3559 1129 3621 satis
1154 3553 1357 3638 comprobari.
1397 3553 1451 3617 Nil

251 3673 336 3734 enim
361 3672 492 3755 impedit
520 3674 693 3754 quominus
722 3695 744 3743 ι,
765 3671 824 3736 151)
847 3656 964 3749 (ὦρσαν
990 3668 1023 3730 δι’
1045 3661 1452 3750 Νὖμααι..α1γαςο’ρεσ-

251 3780 359 3869 κῴους,
383 3784 435 3845 ἰ’να
458 3781 648 3865 δειπνήσειαν
674 3779 797 3866 ἑταῖραι)
823 3783 981 3868 Nymphis
1003 3785 1064 3848 talo
1090 3785 1258 3849 consilium
1279 3783 1450 3863 tribuatur3

252 3920 289 3964 oc
309 3901 453 3965 similiter
470 3903 581 3965 ceteris
602 3902 686 3966 locis.

331 4015 442 4100 Neque
463 4036 543 4100 opus
566 4026 633 4081 orat
653 4015 770 4079 talibus
790 4014 961 4098 particulis,
980 4033 1054 4076 cum
1075 4016 1142 4098 ipse
1165 4014 1344 4079 infinitivus
1355 4012 1451 4076 finem

254 4131 302 4193 vei
326 4133 497 4195 terminum
507 4134 703 4216 exprimeret
745 4132 792 4195 Itu
812 4131 865 4194 inf.
880 4128 1002 4191 νέεσθαι
1016 4131 1048 4194 in
1059 4131 1162 4214 priore
1172 4132 1298 4194 illorum
1310 4128 1451 4192 locorum

253 4248 440 4329 opiiman'a
465 4249 681 4313 enuntiatione
706 4246 833 4331 pcndct,
866 4265 971 4328 neque
1001 4246 1173 4330 particulae
1202 4238 1280 4306 ὥστε
1308 4243 1374 4307 ulla
1402 4244 1452 4307 vis

253 4362 354 4425 maior
372 4370 421 4427 est
440 4361 614 4429 tribuenda„

333 4474 381 4541 Do
402 4478 498 4543 altero
520 4478 596 4559 ioco,
617 4498 712 4562 quem
733 4474 924 4539 Kuelincrus
945 4476 1164 4555 ει1111111,ρ,21,
1183 4471 1353 4559 quaeritur,
1374 4494 1452 4556 quo·
