3458 4870
786 374 985 439 -10-

360 555 420 636 IX,
441 556 489 620 34.
521 554 709 632 ἐμισθοῦντο
740 556 864 617 παῦσαι.
909 558 957 622 99.
990 547 1202 635 συνεφόρησαν
1222 548 1261 614 τὰ
1281 553 1374 634 γέρρα
1396 553 1481 634 έρκος

280 662 356 728 εἷναί
373 689 439 750 σφι.
604 748 607 754 .

359 784 427 849 Neo
448 785 563 848 desunt
582 785 651 866 loci,
673 785 790 868 quibus
810 785 999 867 praecedens
1020 803 1230 868 pronomen
1251 789 1323 848 aut
1343 785 1481 848 adver-

280 900 389 964 bium
410 900 615 966 demonstr.
638 907 788 985 soquenie
805 901 963 964 infinitivo
983 920 1079 983 quem
1094 900 1228 964 dicimus
1245 901 1481 984 epexegetieum

280 1018 457 1080 accuratius
479 1017 635 1080 definitur.
678 1017 746 1080 Iam
766 1017 851 1100 apud
869 1015 1079 1081 Homerum
1101 1017 1283 1099 saepissime
1309 1015 1364 1078 inf.
1387 1036 1481 1099 appo.

280 1131 368 1193 nitur
387 1132 628 1214 pronominibus
650 1115 750 1203 οὗτος.
771 1123 835 1205 ὅδε,
859 1131 1015 1196 adverbiis
1037 1114 1104 1206 ὧδε,
1130 1122 1238 1205 οὕτως,
1261 1121 1312 1201 ὥς.
1355 1132 1389 1204 δ,
1410 1132 1478 1197 405.

281 1236 362 1309 οδτιο
381 1241 460 1315 Ζεὺς
475 1246 552 1325 θείη,
577 1242 674 1306 οἶκαδε
699 1244 866 1325 ἐλθέμεναι.
901 1247 939 1322 Β,
952 1248 1020 1313 286.
1039 1240 1093 1306 οδκ
1107 1243 1289 1306 ἐκτελέουσιν
1306 1240 1481 1322 ὑπόσχεσιν,

280 1353 317 1438 ἣν
346 1356 493 1436 ὑπέσταν,
523 1355 717 1422 α’πονέεσδαι.
765 1361 877 1443 (Multa
903 1362 1048 1444 exempla
1076 1362 1200 1446 collegit
1217 1362 1333 1443 Aulin⁷
1363 1361 1401 1425 de
1417 1381 1481 1424 usu

280 1478 461 1559 epexegesis
480 1478 514 1538 in
533 1450 627 1539 Hom.
650 1497 746 1540 earm.
787 1475 918 1540 Dissert.
936 1476 1044 1559 Upsal.
1066 1475 1165 1555 1858).

359 1589 496 1653 Herod.
517 1591 590 1670 VH,
606 1591 674 1657 235.
696 1588 802 1671 κέρδος
822 1587 915 1668 μέζον
937 1585 995 1670 έφη
1016 1583 1088 1650 εἶναι
1107 1643 1113 1656 ,
1135 1636 1142 1650 .
1163 1612 1240 1651 κατα
1250 1592 1306 1662 τίς
1316 1585 1481 1671 θαλάσσης

280 1702 509 1764 καταδεδυκέναι
530 1706 675 1783 μᾶλλον.
699 1754 706 1767 .
1524 1672 1531 1683 ”

265 1793 266 1797 ¹
359 1820 483 1900 Π,136.
507 1816 595 1899 τήνδε
617 1820 726 1880 ἐπεῖναι
745 1819 852 1900 ζημίην
871 1815 916 1897 μδ
937 1815 1105 1880 ἀποδοῦναι
1127 1816 1162 1880 τὸ
1179 1819 1279 1901 χρέος.

359 1934 416 2014 VI,
431 1936 479 1999 23.
504 1930 622 2011 μισθὸς
639 1932 675 1994 δέ
694 1931 722 1994 oi
741 1921 779 2014 ἦν
799 1932 952 2015 εἰρημένος
974 1927 1026 1996 ὅδε
1047 1984 1054 1997 .
1077 1984 1084 1998 .
1126 1938 1235 2013 λαβεῖν.

425 2050 473 2114 85.
495 2045 642 2132 ὁμολογίῃ
663 2047 695 2109 δέ
715 2045 886 2129 ἐχρήσαντο
909 2050 1011 2133 τοιῇδε
1033 2096 1040 2110 .
1062 2052 1281 2134 ,Λευτυχίδην
1301 2051 1480 2121 ἀποδοῦναι.

409 2166 475 2228 111.
498 2161 515 2225 ὁ
537 2160 631 2242 νόμος
651 2159 709 2243 εἶχε
721 2157 802 2225 οὕτω
814 2211 821 2225 .
833 2211 840 2225 .
853 2165 908 2225 τδν
928 2164 1123 2248 πολέμαρχον
1139 2163 1217 2246 έχειν
1226 2168 1314 2250 κέρας
1325 2167 1360 2232 τὸ
1373 2168 1480 2245 δεξιόν.

358 2278 417 2360 ΠΙ,
434 2281 500 2344 118.
523 2275 540 2338 δ
561 2274 656 2355 νόμος
677 2272 757 2339 οὗτοι
779 2273 863 2358 εἶχε.
886 2325 893 2338 .
916 2326 923 2340 .
966 2276 1073 2341 έσοδον
1092 2276 1174 2343 εἶναι.

358 2392 415 2474 VI,
434 2395 498 2459 108.
522 2391 568 2453 ἐπὶ
589 2393 700 2454 τοιοίδε
723 2443 729 2456 .
753 2445 760 2457 ,
801 2393 853 2454 ε’ἆν
876 2393 1033 2476 Θηβαίους
1054 2441 1061 2456 .
1084 2442 1091 2456 .

358 2508 418 2590 IX,
433 2509 481 2574 26.
501 2506 551 2567 έπὶ
571 2505 651 2592 λόγῳ
673 2511 747 2593 τοαξ
749 2510 781 2570 δε
802 2561 809 2576 .
833 2560 839 2573 .
879 2509 1011 2571 κατιέναι
1032 2508 1237 2590 Ἡρακλείδας.

358 2623 421 2687 Hie
447 2623 597 2687 infinitivi
616 2645 696 2690 usus
717 2629 825 2691 minus
847 2628 912 2690 iam
932 2629 1059 2691 termini
1078 2630 1130 2691 vel
1148 2628 1221 2693 finis
1243 2632 1404 2697 notionem
1425 2652 1479 2696 ex-

279 2737 366 2802 hibet
392 2744 423 2801 et
448 2739 532 2821 apud
548 2739 685 2817 Attium,
711 2761 785 2805 oum
811 2744 912 2826 magis
937 2743 977 2806 ad
997 2744 1236 2808 similitudinem
1257 2765 1350 2810 nasus
1372 2748 1479 2811 ouius-

279 2854 355 2919 ]ibet
365 2855 577 2919 conformatus
586 2862 677 2936 esset,
687 2857 788 2920 mulio
798 2859 916 2938 majore
927 2859 1077 2921 varietate
1090 2878 1170 2922 usus
1186 2860 1255 2923 eius
1270 2861 1406 2943 insignis
1422 2867 1477 2925 est.

779 3082 979 3090 -——-—-

846 3240 906 3321 ΙΙ.

521 3375 575 3459 De
601 3376 698 3485 ipsis
723 3376 933 3460 enuntiatis
958 3377 1225 3461 oonseoutivia

740 3517 775 3604 a)
802 3515 897 3589 ὥστε
920 3536 947 3588 ο.
967 3513 1026 3587 inf.

358 3648 436 3713 Post
456 3651 543 3712 varia
562 3648 732 3713 verborum
750 3667 873 3732 genera
895 3667 976 3731 quae
998 3667 1094 3731 supra
1114 3651 1379 3729 enumeravimus,
1399 3658 1492 3712 non-¹

278 3783 445 3846 nunquam
468 3765 654 3847 particulam
676 3755 753 3825 ὥστε
773 3763 930 3826 infinitivo
952 3765 1126 3846 appositam
1146 3765 1335 3828 invenimus.
1377 3762 1478 3839 Quae-
1559 3775 1562 3780 '

278 3881 359 3943 ritur
385 3880 497 3963 igitur,
533 3884 643 3943 utrum
671 3880 731 3944 hoo
757 3879 968 3943 additamento
995 3877 1081 3941 aliud
1108 3878 1258 3959 quiddam
1284 3878 1479 3962 significetur

279 3999 373 4077 atque
398 3994 484 4058 nudo
512 3993 682 4076 infinitivo.
709 4013 816 4058 neone.
857 3995 964 4077 Atque
993 3993 1033 4055 ad
1058 3994 1125 4054 vim
1149 4012 1185 4055 ao
1203 3995 1363 4057 notionem
1383 3996 1478 4076 parti-

278 4109 368 4172 oulao
397 4098 476 4168 diors
502 4111 680 4174 aoouratius
706 4109 916 4174 definiendam
941 4114 1023 4173 oerte
1052 4110 1081 4172 ei
1108 4128 1235 4193 quoque
1260 4109 1322 4172 loei
1346 4128 1478 4193 eognos-

278 4224 369 4287 eendi
395 4229 482 4305 sunt,
508 4223 625 4305 quibus
649 4224 704 4287 illa
729 4244 804 4288 cum
830 4225 925 4288 verbo
955 4225 1044 4288 finito
1062 4225 1231 4289 coniuncta
1249 4228 1303 4288 esi
1344 4223 1382 4286 Id
1402 4243 1477 4288 vero

277 4339 342 4400 iam
368 4338 421 4400 hio
445 4338 632 4403 eonfirmare
656 4340 730 4403 huet
756 4339 805 4419 (de
832 4360 895 4422 quo
916 4341 1046 4423 plurimi
1070 4340 1132 4402 viri
1153 4340 1235 4403 dooti
1256 4336 1477 4420 consentiunt),

279 4454 447 4519 discrimen
468 4455 550 4519 inter
570 4455 623 4518 inf.
646 4462 677 4521 ot
697 4444 776 4515 ὥστε
796 4473 820 4516 ο.
841 4453 894 4518 inf.
916 4455 1042 4518 nullum
1055 4454 1120 4519 fere
1137 4474 1213 4519 esse.
1244 4452 1477 4530 QuodHome-
