3458 4870
740 382 939 448 -19-

317 556 358 639 II,
380 560 446 625 loe.
465 543 554 639 εὖρος
573 554 707 641 ὠρύχθη
726 605 735 621 .
757 605 765 621 .
788 554 866 623 ὥστε
887 607 920 622 ..

317 673 377 753 IX,
396 677 444 740 61.
463 672 651 735 ἔπιτιθέαται
673 720 681 735 .
704 723 711 738 .
737 669 815 737 ὥστε
834 675 938 757 μηκέτι
960 673 1116 739 δύνασθαι
1136 682 1295 762 βωθῆσαι.

317 788 345 852 Ε
367 789 485 872 quibus
505 790 568 854 duo
588 791 708 874 priores
728 792 788 855 loci
809 811 874 855 non
895 800 959 857 tam
980 795 1148 859 consilium
1170 817 1266 879 quam
1286 797 1383 862 finem
1404 818 1439 863 re
1545 856 1550 865 .

238 903 307 986 ipsa
325 886 464 987 positum
482 905 630 969 munna

317 1017 366 1082 De
387 1021 603 1103 negatione
629 1022 663 1083 in
689 1022 747 1084 hoc
768 1024 1004 1087 enuntiatorum
1025 1026 1298 1089 consecutivomm
1321 1045 1437 1109 genere

238 1140 390 1218 usurpata
410 1136 490 1198 nihil
511 1139 822 1202 commemorandum
834 1146 890 1219 est,
910 1141 1060 1222 quoniam
1071 1139 1185 1204 Herod
1204 1161 1313 1205 ususa
1326 1143 1436 1205 ceteris

238 1247 443 1331 scriptoribus
467 1269 532 1313 non
560 1250 711 1315 abhorret.
758 1252 886 1336 Ubique
913 1255 999 1318 enim
1024 1255 1196 1338 particulae
1223 1247 1301 1315 ὥστε
1330 1275 1355 1319 c
1382 1255 1435 1318 nn

237 1363 363 1426 iunctae
384 1365 417 1426 in
439 1366 585 1449 negativa
606 1369 761 1431 sententia
776 1363 821 1447 μή
844 1369 977 1432 additur.

316 1478 373 1560 III,
395 1481 460 1546 10').
481 1473 553 1540 eirca
575 1530 581 1544 .
604 1531 612 1547 .
633 1477 730 1542 οὐδενὶ
751 1479 873 1561 ὁμοῖον,
895 1476 977 1544 οὕτω
990 1477 1083 1560 ὥστε,
1106 1485 1132 1545 εἰ
1149 1481 1195 1563 μδ*
1210 1482 1437 1566 προλαμβάνειν

237 1587 311 1664 τοὺς
331 1588 450 1666 Ἰνδοὺς
471 1642 479 1657 .
500 1639 507 1654 .
530 1591 639 1656 οὐδένα
659 1590 697 1656 ἄν
717 1619 821 1679 σφεων
832 1592 1061 1674 ἀποσώζεσθαι.
1074 1601 1167 1681 (Paua
1178 1594 1216 1661 ἄν
1225 1603 1310 1686 apud
1319 1602 1435 1666 Herod

238 1708 325 1771 nullo
348 1709 409 1772 alio
431 1711 587 1775 eiusmodi
608 1711 676 1774 loco
697 1712 818 1791 exstat.)

316 1825 371 1904 IV,
392 1826 459 1891 184.
483 1820 605 1905 ὑψηλὸν
625 1818 707 1887 οὕτω
728 1824 842 1907 λέγεται
863 1821 944 1903 εἶναι,
965 1825 1010 1899 ni(
1030 1823 1085 1889 onix
1105 1822 1153 1890 oid
1174 1853 1206 1891 τε
1226 1826 1298 1893 εἶναι
1318 1878 1326 1893 .
1348 1884 1356 1897 .

316 1938 377 2005 His
396 1941 522 2005 dnobus
540 1941 616 2005 locis
638 1936 675 2001 οὔ
696 1944 878 2026 scriptorem
897 1950 1024 2028 propter
1043 1952 1117 2009 orat
1139 1946 1198 2009 obt
1219 1952 1362 2032 posuisse
1381 1971 1435 2034 ap

237 2063 330 2138 paoet

737 2176 937 2187 ——

434 2326 471 2428 b)
496 2329 547 2404 De
572 2329 799 2404 consentione
824 2330 922 2404 verbo
949 2329 1041 2405 tinito
1068 2352 1234 2425 expressa

610 2501 638 2565 1.
660 2501 818 2566 Omissa
838 2505 932 2583 part
953 2492 1058 2561 ὥστε.

315 2631 384 2697 Iam
401 2654 497 2718 supra
520 2635 605 2700 locos
625 2637 710 2702 haud
730 2657 849 2722 paucos
868 2638 1140 2717 enumeravimus,
1165 2637 1199 2699 iu
1221 2636 1338 2719 quibus
1359 2657 1433 2702 con·

237 2750 371 2828 secutio,
397 2770 592 2834 quamquam
616 2751 773 2816 infinitivo
793 2770 941 2836 expressa
961 2758 1023 2832 est,
1043 2756 1149 2815 tamen
1170 2753 1271 2835 mugio
1291 2752 1434 2816 absolute

236 2870 267 2926 et
291 2866 382 2946 qnasi
403 2884 460 2950 per
480 2885 514 2929 se
537 2868 638 2950 posita
659 2885 728 2931 esse
747 2866 919 2931 videbatur.
958 2865 1030 2930 Hoc
1056 2866 1156 2930 multe
1177 2868 1278 2950 magis
1298 2874 1368 2931 tum
1388 2867 1433 2948 fit,

235 2996 310 3041 cum
331 2981 504 3044 enuntiatio
525 2983 727 3045 consecutiva
746 2982 842 3045 verbo
863 2981 953 3045 finito
973 2982 1137 3046 indicatur.

315 3093 382 3157 Nec
402 3095 506 3158 sotum
524 3097 601 3179 ipsis
626 3098 835 3161 consecutivis
855 3097 1041 3177 enuntiatis,
1072 3097 1126 3162 sod
1152 3097 1247 3161 etiem
1270 3098 1433 3162 sententiis

235 3209 391 3291 primariis
424 3209 514 3273 alteri
545 3212 717 3275 sententiae
753 3211 866 3275 additis
897 3231 934 3275 ea
966 3213 1052 3275 notio
1083 3230 1315 3294 nonnunquam
1343 3212 1432 3277 inest

236 3323 465 3388 Paratacticum
486 3325 588 3405 euim,
618 3326 702 3410 quod
724 3326 852 3405 dicium,
875 3345 979 3409 genus
996 3326 1144 3409 loquendi
1165 3326 1314 3390 omnibus
1334 3326 1432 3410 hypo·

233 3441 354 3502 tacticis
375 3439 486 3503 formis
513 3441 676 3523 antiquius
704 3460 773 3505 esse
793 3461 886 3506 nemo
906 3441 999 3505 hodie
1019 3448 1129 3525 negat,
1158 3461 1255 3525 quam
1276 3460 1343 3505 rem
1362 3439 1430 3504 Ho-

234 3554 359 3616 mericis
379 3553 532 3637 exemplis
552 3554 710 3620 illustrare
729 3556 860 3639 tongum
880 3562 934 3620 est
974 3555 1069 3619 Nunc
1090 3556 1129 3619 de
1146 3554 1305 3620 Herodoto
1322 3556 1416 3638 impn'

234 3667 295 3730 mis
321 3666 547 3751 disputandum
574 3676 628 3733 est.
680 3668 747 3734 Nec
775 3669 889 3735 desunt
914 3669 990 3749 loci,
1015 3670 1048 3730 in
1075 3668 1193 3749 quibus
1218 3669 1406 3733 sententii

234 3782 433 3864 primatis,
452 3782 504 3847 vel
522 3783 627 3846 addita
647 3783 753 3866 aliqua
771 3782 923 3867 partictda
943 3782 992 3846 vel
1013 3783 1138 3863 omissa,
1158 3784 1216 3845 vis
1236 3802 1430 3848 consecu-

234 3897 319 3958 tiva
339 3896 470 3961 inesse
490 3898 641 3962 videatur.

314 4007 373 4092 III,
385 4012 430 4076 12.
457 4009 488 4070 ai
501 4009 534 4072 dd
553 4008 967 4092 uirAIynntlaortaapaiai)
989 4002 1071 4070 οὕτω
1092 4004 1173 4090 δήτι
1188 4007 1319 4089 ἰσχυραὶ,
1340 4003 1430 4088 μόγις

232 4116 271 4183 ἂν
290 4121 372 4207 λίθῳ
392 4123 505 4197 παίσας
524 4121 724 4206 διαρρήξειας.

432 4259 477 4302 τι.

314 4352 397 4432 l,8‘t.
427 4352 475 4412 καὶ
496 4336 568 4412 ὗσαι
586 4345 676 4413 ὕδατι
696 4347 889 4437 λαβροτάτῳ,
911 4349 1165 4431 κατασβεσθῆναί
1182 4372 1213 4411 τι
1233 4344 1289 4430 τὴν
1310 4345 1419 4428 τιιιρίκ.

317 4465 402 4547 VIII,
419 4468 481 4532 tsst‘a
511 4461 671 4545 κατήλπιζε
691 4463 836 4536 εὐπετέως
858 4468 911 4545 τῆς
932 4460 1094 4544 θαλάσσης
1113 4459 1281 4545 κρατήσειν,
1304 4463 1376 4546 πεζῇ
1400 4486 1429 4524 ιι

1184 4572 1224 4628 2*
