3458 4870
787 360 986 421 ..12-

287 537 380 598 modo
401 537 463 599 duo
485 537 634 599 infinitivi
651 536 876 619 interpretandi
897 538 966 600 sint.
994 536 1043 599 Ac
1060 538 1200 619 primum
1213 538 1341 621 quidem
1352 538 1486 603 dubium

288 670 353 714 non
369 652 502 731 videtur,
510 647 637 727 μίνεινο
651 649 769 730 τηλίκος
778 652 921 735 pendere,
932 651 1077 715 similiter
1088 671 1125 713 ac
1134 653 1323 735 pronomina
1331 654 1482 734 τοιοῦτος,

286 760 415 840 τοιόσδε,
437 760 530 837 τόσος
551 769 676 852 saepius
699 767 753 830 inf.
777 768 927 850 sequitur.
967 766 1048 829 Tum
1069 784 1143 829 vero
1165 767 1243 849 quid
1263 767 1301 830 de
1317 768 1484 840 alteroinf.

287 901 361 943 cum
383 872 462 942 ὥστε
482 884 590 945 iuncto
609 882 816 949 iudicandum
838 882 906 945 est?
948 880 1029 944 Cum
1045 882 1110 945 iam
1130 881 1287 945 infinitivo
1305 879 1486 959 μίνιινοοιι-

287 998 405 1060 secutio
427 999 633 1074 contineatur,
653 996 823 1060 verisimile
843 1000 891 1059 est
909 996 959 1060 his
975 996 1080 1061 verbis
1091 997 1221 1060 alteram
1231 999 1486 1061 consecutionem

286 1111 456 1195 significari
476 1120 507 1177 et
541 1104 619 1173 ὥστε
638 1103 697 1194 (oio
720 1112 761 1192 τι)
787 1115 871 1178 idem
892 1134 960 1179 esse
985 1114 1069 1197 quod
1091 1115 1139 1175 καὶ
1161 1108 1216 1188 ὥς,
1243 1115 1328 1199 quod
1350 1117 1485 1199 primam

284 1227 505 1311 propriamque
533 1229 601 1292 eius
626 1229 796 1310 particuiae
821 1231 982 1293 notionem
1010 1249 1079 1293 esse
1104 1230 1186 1293 inira
1212 1230 1484 1295 demonstrabitur.

365 1341 493 1405 Praeter
513 1344 570 1407 hos
590 1343 670 1407 duos
689 1343 775 1408 locos
794 1345 925 1408 notandi
946 1349 1036 1408 sunt:

325 1474 445 1555 Hymn.
468 1477 502 1538 in
522 1475 625 1558 Apoli.
646 1478 715 1543 530.

487 1584 555 1651 ούιε
576 1586 773 1672 τρυγηφόρος
793 1583 845 1671 ἥιλε
864 1586 1045 1671 γ’ἐιιήρατος
1063 1587 1128 1652 οὔτ’
1149 1587 1299 1670 εὐλείμων,

486 1697 560 1765 ὥστ’
582 1701 643 1765 αἰιύ
664 1707 693 1766 τ’
714 1692 746 1766 εύ
768 1702 908 1781 ζώειν..

364 1843 603 1907 Baumeisterus
623 1846 730 1907 vertit:
752 1845 804 1907 hic
824 1864 898 1928 ager
917 1845 989 1908 talis
1001 1850 1056 1925 est,
1066 1850 1104 1907 ut
1114 1864 1179 1907 non
1193 1846 1353 1927 possimus
1364 1846 1485 1908 victum

285 1977 326 2022 ex
347 1977 383 2021 eo
404 1959 568 2022 commode
589 1979 705 2042 capere.

324 2089 398 2154 Hes.
421 2109 467 2173 op.
488 2092 535 2155 44.

524 2202 648 2287 ῥηϊδίως
666 2202 725 2286 γύρ
745 2228 793 2265 κεν
816 2205 864 2265 καὶ
884 2204 931 2265 ἐπ’
949 2200 1043 2286 ἤματι
1064 2202 1237 2286 ἐργάσσαιο,
1324 2196 1327 2204 ’

525 2314 603 2381 ὥστε
621 2318 657 2382 σέ
673 2322 700 2380 κ’
720 2320 750 2392 ἐς
766 2317 903 2381 ἐνιαυτὸν
923 2318 999 2400 ’ἔχειν
1019 2322 1067 2381 καὶ
1088 2317 1196 2403 ἀεργὸν
1216 2318 1314 2383 ἐόντα.

288 2537 291 2542 .
322 2453 434 2537 Theog.
456 2456 524 2520 831.
966 2503 973 2517 .
996 2504 1003 2517 .
1026 2448 1134 2515 ἄλλοτε
1153 2449 1284 2534 μὲνγὰρ

484 2566 657 2650 φθέγγονθ’
680 2560 759 2630 ὥστε
779 2569 879 2629 θεοῖσι
902 2567 1049 2647 συνιέμεν,
1067 2562 1174 2630 ἄλλοτε
1194 2557 1303 2630 δἀύτε.

484 2679 601 2764 ταύρου
622 2678 788 2764 ἐριβρύχεω
814 2733 848 2746 ..

365 2821 570 2905 Gottlingius‚
603 2823 659 2905 qui
688 2823 782 2885 vertit
813 2842 906 2902 „zum
930 2820 1155 2885 Verstiindniss
1181 2821 1236 2884 fur
1270 2822 1320 2885 die
1347 2819 1483 2900 Gotter,“

282 2938 469 3022 particulam
497 2928 575 2996 ὥστε
599 2938 861 3019 praepositionem
887 2938 1047 3001 existimat
1070 2963 1111 2990 =
1138 2954 1239 3019 usque
1269 2936 1310 2999 ad
1332 2986 1339 2997 .
1362 2984 1386 3016 .‚
1419 2955 1485 2998 non

283 3072 414 3131 curans,
440 3054 536 3117 talem
562 3054 740 3116 versionem
768 3052 808 3115 ad
831 3051 1026 3114 infinitivum
1058 3051 1186 3134 quidem
1219 3050 1485 3114 accommodatam

283 3186 361 3249 esse,
381 3169 512 3231 minime
531 3172 637 3231 tamen
661 3167 701 3230 ad
721 3167 851 3230 alteram
872 3171 1063 3230 structuram
1082 3172 1161 3249 part.
1184 3157 1271 3240 ὥστε,
1294 3185 1369 3229 cum
1388 3164 1484 3229 verbo

282 3282 380 3345 finito.
421 3280 612 3345 Kuehnerus
636 3302 667 3363 p.
700 3282 776 3347 1001
809 3281 951 3344 dativum
982 3281 1081 3339 θεοῖσι
1113 3301 1188 3345 oum
1222 3275 1332 3360 φθίγγ.
1359 3281 1481 3362 jungit3

282 3398 379 3461 nullis
396 3402 503 3460 tamen
518 3397 671 3479 exemplis
692 3398 827 3462 aliorum
843 3400 1030 3481 antiquioris
1047 3398 1156 3462 aetatis
1180 3396 1368 3478 scriptormn
1384 3395 1485 3474 nisce,

284 3515 339 3597 qui
365 3508 558 3594 φθέγγεσθαι
584 3531 658 3574 cum
683 3531 824 3595 praepos.
850 3509 945 3594 πρός,
971 3512 1011 3584 εἰς
1038 3515 1184 3592 iungimt.
1236 3510 1348 3594 Neque
1377 3510 1485 3593 negari

281 3633 393 3711 potest,
413 3629 555 3692 dativum
575 3626 671 3692 verbo
692 3623 829 3704 συνιέμεν
845 3628 1016 3712 adiungere
1033 3628 1127 3711 paulo
1145 3625 1257 3689 durius
1271 3624 1380 3688 videri.
1423 3623 1485 3688 Sed

282 3749 355 3808 utut
374 3764 425 3808 res
445 3764 479 3808 se
499 3743 607 3825 habet,
632 3743 665 3807 id
686 3748 807 3807 certmn
829 3749 890 3825 est,
911 3744 966 3807 ini.
988 3740 1125 3820 συνιέμεν
1145 3742 1317 3805 terminum
1336 3739 1485 3818 indicare,

281 3864 358 3943 part.
382 3851 461 3919 ὥστε
480 3879 546 3922 non
568 3860 745 3924 desiderari.

361 3975 571 4039 Poetarum
606 3975 870 4058 elegiacorum
905 3982 941 4039 et
974 3974 1189 4056 lyricorum
1226 3972 1309 4034 haec-
1341 3968 1485 4052 exempla

282 4091 465 4155 afferantur:

322 4223 460 4289 Cleobul.
482 4224 518 4287 fr.
546 4225 571 4287 1.
595 4223 710 4308 (Bergk
732 4246 761 4308 p.
783 4224 864 4301 440.)

476 4331 579 4415 Ἄνιλρ’
600 4333 679 4398 εἲιλόν
698 4337 771 4418 πυρὶ
790 4332 906 4416 χαλκὸν
926 4335 972 4397 ἔνι’
992 4332 1075 4418 οἷνύρι
1094 4331 1284 4416 κολλήσαντα

482 4443 563 4512 ούτιο
585 4448 758 4532 συγκόλλως
777 4443 855 4513 ὥστε
873 4447 1007 4531 σύναιμα
1025 4458 1129 4513 ποιεῖν.
