3458 4870
745 382 946 448 -21-

599 562 628 626 2.
652 552 747 621 riou
767 580 793 623 o.
815 560 935 624 verbo
956 561 1087 626 finito.

321 710 420 775 Haud
447 711 493 774 ita
523 710 616 794 longe
643 709 683 773 ab
714 710 765 773 his
796 708 949 793 exemplis
978 729 1016 774 ea
1049 713 1211 776 enuntiata
1245 715 1449 778 consecutiva

242 826 419 906 distantia
440 825 560 908 quibus
580 830 658 909 part
678 816 757 885 ὥστε
783 844 808 887 a
828 824 926 888 verbo
947 824 1000 888 fin.
1022 827 1131 890 iuncta
1150 834 1207 891 est
1249 827 1343 892 Hanc
1363 831 1449 894 enim

241 940 427 1024 particulam
464 940 554 1003 irntio
587 940 654 1002 vim
692 939 1051 1003 demonstrativam
1087 940 1237 1006 habuisse
1273 961 1449 1024 censemus,

242 1057 393 1141 quoniam
420 1055 552 1119 omnino
572 1056 760 1138 pronomina
784 1061 816 1118 et
841 1053 990 1118 adverbia
1014 1055 1144 1120 relativa
1169 1056 1255 1139 apud
1273 1056 1409 1122 Graecos
1430 1079 1449 1124 e

242 1170 495 1235 demonstrativis
515 1174 584 1233 orta
603 1188 673 1234 esse
692 1171 767 1234 satis
782 1175 917 1249 constat3
939 1171 1150 1254 plurimisque
1170 1171 1248 1234 locis
1268 1178 1345 1255 part
1368 1164 1448 1233 ὥστε

241 1286 387 1349 facillime
407 1286 489 1350 verti
508 1290 610 1368 potest
633 1285 735 1365 „und
755 1304 808 1365 so,
829 1285 970 1349 daher.“

320 1402 369 1464 Ac
388 1402 529 1484 primum
551 1400 678 1483 quidem
700 1400 738 1464 de
758 1400 836 1464 loeis
854 1399 1083 1464 Homericis
1102 1401 1275 1465 videamus

280 1517 386 1592 am
578 1564 585 1577 .
627 1565 634 1578 .
674 1513 734 1576 ἐπεὶ
756 1510 811 1576 oda
832 1511 938 1593 ἴρανος
958 1510 1031 1576 τάδε
1056 1511 1085 1595 γ’
1103 1513 1193 1576 ἔστί.

492 1623 571 1708 ὦρτο
589 1652 644 1708 μοι
666 1626 845 1710 ὑβρίζοντες
865 1627 1061 1712 ὑπερφιάλως
1082 1627 1239 1692 δονέουσιν

492 1741 659 1804 δαίνυσθαι
678 1740 754 1805 κατὰ
776 1744 890 1822 δῶμα.
912 1789 921 1805 .
961 1744 1124 1825 (Dindorl.)

321 1860 369 1925 ra
397 1868 480 1925 reete
507 1859 602 1924 veroa
630 1859 812 1924 tacuero
840 1861 987 1924 nsanos
1016 1866 1099 1925 sunt.
1145 1859 1290 1941 omaus,
1321 1862 1445 1926 duabus
1480 1844 1484 1851 “

241 1977 405 2040 sententiis
425 1977 553 2055 iunctis,
574 1977 681 2039 vertit:
703 1975 852 2056 „Danach
872 1996 913 2039 zu
934 1975 1101 2053 urtheilen,
1122 1976 1199 2039 wie.
1220 1974 1246 2037 .“
1288 1976 1350 2041 Sed
1370 1978 1445 2041 huic

240 2091 488 2175 interpretationi
509 2090 606 2154 verba
630 2112 684 2167 μοι
705 2088 864 2151 δοκέουσιν
883 2090 1023 2171 obstant,
1051 2109 1133 2174 quae
1158 2092 1193 2152 in
1213 2092 1445 2175 comparatione

240 2208 348 2271 minus
377 2206 485 2270 locum
512 2204 635 2268 habent
689 2206 800 2289 Itaque
824 2208 940 2270 rectius
971 2205 1180 2269 aKuehnero
1206 2212 1238 2269 et
1262 2205 1333 2269 aliis
1357 2207 1443 2270 notio

240 2324 440 2386 consecutiva
461 2321 511 2384 his
532 2320 636 2385 verbis
654 2320 818 2401 tribuitur,
845 2328 876 2386 et
897 2314 976 2382 ὥστε
995 2321 1105 2386 eodem
1125 2320 1189 2385 iere
1209 2320 1302 2385 modo
1323 2321 1443 2385 dictum

239 2444 288 2501 est
306 2443 400 2520 atque
420 2437 498 2500 loeis
518 2442 610 2501 antea
628 2436 734 2501 relatis
754 2435 802 2496 καὶ
827 2429 917 2499 οὕτω.

278 2571 382 2650 y,246.
441 2568 508 2648 τρὶς
524 2563 583 2648 γὰρ
601 2563 640 2648 δή
660 2566 714 2647 μάν
735 2589 830 2650 φασιν
849 2564 1025 2642 ἀνάξασθαι
1045 2564 1118 2650 γένε’
1138 2564 1270 2648 ἀνδρῶν,

439 2676 518 2744 ὥστε
537 2704 592 2760 μοι
613 2677 776 2756 α’θάνατος
796 2679 963 2744 ἰνδάλλεται
982 2679 1196 2763 εἰσοράασθαι.

320 2816 416 2880 Baldo
431 2816 513 2880 delet
532 2816 752 2881 wall-46.
795 2815 1033 2880 Crusiusetiam
1052 2818 1103 2880 hic
1123 2817 1218 2881 vertit
1237 2815 1343 2896 „vaiet
1363 2822 1440 2900 part

239 2924 318 2991 ὥστε
339 2951 413 2995 cum
434 2925 596 3002 ἀθάνατος
621 2931 820 3015 iungendum
838 2950 912 2995 vesse
940 2937 1037 2995 ratus.
1083 2930 1234 2995 Lehrsius
1262 2931 1344 2994 hano
1372 2949 1442 2993 sen·

238 3048 368 3110 tentiam
385 3046 623 3110 exclamationis
642 3046 711 3110 loco
731 3047 866 3129 positam
885 3065 955 3110 esse
975 3050 1091 3125 censet,
1112 3064 1308 3128 quamquam
1329 3044 1444 3108 similia

239 3180 415 3244 nusquam,
447 3166 603 3244 quantum
633 3164 714 3239 soio,
745 3162 954 3243 reperiuntur.
1007 3160 1118 3243 Itaque
1150 3161 1245 3223 etiam
1274 3161 1348 3223 hnic
1375 3160 1442 3223 loco

239 3276 325 3339 notio
345 3276 548 3339 consecutiva
568 3275 757 3339 vindicanda
777 3282 840 3339 est:
868 3276 953 3355 „und
974 3294 1010 3339 so
1032 3275 1156 3339 soheint
1175 3294 1210 3339 er
1228 3274 1358 3359 gdttlich
1379 3292 1442 3336 von

237 3390 395 3454 Ansehn.“

320 3504 453 3571 Crusius
473 3507 512 3570 ad
533 3508 619 3570 huno
638 3490 745 3572 locum
766 3509 861 3571 etiam
882 3509 1009 3572 tertium
1032 3510 1267 3585 commemorat
1288 3503 1314 3578 ζ,
1330 3504 1402 3568 122:

439 3628 465 3702 ὦ
484 3664 539 3720 μοι
559 3637 627 3724 itti,
649 3642 728 3705 τάων
747 3630 820 3704 αὖτε
839 3646 965 3724 βροτῶν
988 3641 1019 3715 ἐς
1039 3648 1128 3723 γαῖαν
1150 3637 1262 3713 ἱκάνως

437 3743 506 3839 ἦρ’
528 3753 582 3838 o‘r'y’
603 3755 751 3838 ὑβρισταί
769 3758 867 3819 τεκαὶ
888 3752 995 3838 ἄγριοι,
1018 3751 1089 3818 οὐδὲ
1110 3754 1228 3830 ditator,

438 3868 472 3953 aii
497 3868 669 3953 φιλόξεινοι,
689 3874 742 3934 καί
759 3893 834 3954 σφιν
855 3868 927 3944 νάος
944 3871 1009 3933 ἐστὶ
1029 3866 1180 3951 decedam

438 3980 516 4048 ὥστε
535 4010 573 4066 με
592 3984 735 4066 κουράων
756 3983 927 4069 ἀμφήλυθε
947 3987 1043 4067 δῆλος
1064 3980 1156 4065 ἀϋτὴ.

317 4124 378 4188 Hir
404 4130 510 4189 tamen
538 4124 707 4208 parricidas
735 4116 816 4184 ὥστε
848 4126 913 4188 tim
946 4126 1194 4206 comparativam
1222 4123 1327 4185 inesse
1354 4116 1446 4183 facile

237 4245 375 4323 apparet,
396 4240 481 4322 quod
501 4258 519 4303 e
536 4238 742 4322 sequentibus
755 4240 861 4303 verbis
882 4239 1101 4323 intelligimus,
1120 4254 1302 4321 comparare
1320 4238 1446 4297 tantum

237 4352 363 4417 Ulixem
391 4372 500 4417 vocem
526 4353 664 4417 auditam
691 4373 764 4417 cum
787 4352 1011 4436 Nympharum
1038 4351 1298 4416 confabulatione
1340 4346 1447 4412 Etiam

238 4468 372 4553 simplex
393 4460 437 4541 ὥς
458 4467 561 4549 (Diod
583 4464 636 4546 uic)
657 4468 767 4534 eodem
788 4487 886 4535 sensu
907 4469 1035 4551 saepius
1055 4467 1180 4553 legitm.
