3458 4870
806 321 984 383 „g-

298 502 490 565 confidenter
516 502 550 562 in
569 501 628 563 hac
648 520 682 564 re
702 499 916 583 procedamus.
960 497 1049 562 Certe
1076 501 1162 562 enim
1188 503 1260 580 post
1285 499 1392 560 omnia
1415 499 1497 560 eius-

297 616 383 679 modi
403 615 500 678 verba
520 614 609 695 finis,
638 615 798 696 adquam
825 614 905 676 actio
936 618 1067 696 spectat,
1094 614 1266 692 indicatur,
1294 631 1399 694 neque
1423 632 1498 675 vero

298 735 434 809 constat,
454 734 564 792 utrum
584 729 664 792 illud
685 750 704 791 a
723 727 926 812 praecedente
946 729 1086 810 subjecto
1108 730 1149 792 sit
1170 730 1319 810 petitum,
1340 748 1381 790 an
1403 728 1499 811 signi-

298 844 419 925 ficetur,
441 844 518 927 quid
538 848 646 928 postea
666 845 790 907 eveniat
811 844 862 907 vel
882 845 1008 907 evenire
1027 845 1135 927 possit.
1176 844 1284 926 Atque
1309 843 1349 906 iis
1371 843 1499 924 quidem

297 959 422 1040 verbis,
446 979 528 1042 quae
553 964 676 1023 motum
692 959 843 1038 indicant,
864 959 943 1021 nihil
957 960 1020 1021 nisi
1036 960 1207 1023 consilium
1221 958 1390 1043 significari
1404 977 1499 1022 nemo

296 1075 464 1159 negaverit.
509 1072 612 1149 Quare
633 1094 698 1137 non
719 1075 837 1137 mirum
858 1080 921 1155 θεῖ,
945 1094 1115 1155 nunquam
1132 1079 1204 1156 post
1226 1075 1382 1137 eiusmodi
1402 1073 1499 1137 verba

296 1209 353 1271 pro
379 1190 444 1252 solo
469 1188 627 1252 infinitivo
655 1189 842 1271 particulam
871 1180 949 1248 ὥστε
969 1190 1114 1251 inveniri.
1161 1188 1263 1252 Aliter
1291 1194 1397 1252 autem
1428 1194 1499 1271 post

296 1307 414 1366 ceteras
449 1303 565 1365 classes
592 1302 762 1366 verborum
794 1302 989 1364 voluntatem
1022 1301 1231 1365 indicantium
1249 1321 1300 1365 res
1332 1322 1365 1366 se
1395 1303 1496 1366 habet.

296 1417 399 1480 Facile
421 1419 507 1480 enim
526 1417 587 1480 diei
603 1422 718 1499 potest:
743 1416 810 1497 „Do
832 1416 967 1501 aliquid,
987 1417 1031 1478 ita
1051 1423 1088 1481 ut
1107 1437 1157 1481 res
1169 1417 1320 1481 eveniat‘.
1344 1456 1383 1463 —
1405 1418 1499 1498 „Per-

297 1532 412 1595 suadeo
434 1533 539 1613 alicui,
557 1534 602 1595 ita
619 1537 657 1596 ut
677 1533 797 1614 aliquid
816 1533 936 1597 faciat‘.
980 1533 1067 1610 Quae
1088 1533 1153 1597 solo
1169 1533 1326 1597 infinitivo
1343 1536 1498 1598 nonsatis

297 1652 380 1711 certe
409 1648 656 1731 distinguuntur.
698 1648 788 1711 Idem
813 1648 851 1711 de
877 1648 982 1712 uerbis
1008 1649 1153 1733 cogendi,
1179 1648 1349 1731 efficiendi,
1373 1655 1500 1713 conten-

296 1764 391 1827 tionis
416 1763 622 1827 iudicandum
648 1768 709 1844 est,
740 1763 857 1845 quibus
885 1764 1033 1827 omnibus
1059 1783 1293 1847 nonnunquam
1314 1770 1391 1848 part.
1419 1756 1498 1825 ὥστε

296 1878 488 1961 adiungitur.
529 1877 642 1959 Neque
661 1879 831 1961 quisquam
850 1898 1036 1961 comparans
1051 1879 1167 1960 locum,
1191 1853 1286 1962 quem
1305 1900 1401 1963 supra
1414 1901 1498 1944 com·

295 1994 558 2074 memoravimUS,
585 1992 628 2075 Π,
649 1994 690 2059 20
720 1987 794 2064 τοὺς
820 1989 941 2072 ἓτησιάς
960 1988 1089 2071 ἀνέμους
1114 1987 1186 2053 εἶναι
1213 1992 1330 2065 αἷτιόυς
1351 1988 1500 2074 πληθύειν

295 2103 351 2167 τὸν
377 2103 527 2189 ποταμόν,
551 2113 654 2190 putet,
680 2111 783 2172 ventis
809 2114 846 2172 ut
873 2110 1023 2173 inanimis
1050 2110 1145 2173 rebus
1174 2110 1342 2173 consilium
1369 2110 1498 2193 aliquod

296 2223 500 2286 tribuendum
528 2242 596 2287 esse
621 2243 658 2287 ea
682 2224 720 2287 de
741 2244 851 2304 causa,
878 2224 963 2307 quod
988 2224 1123 2288 verbum
1145 2224 1300 2288 efficiendi
1323 2227 1495 2307 praecedat.

297 2339 428 2421 Saepius
449 2340 543 2402 etiam
563 2359 593 2400 v,
611 2339 741 2422 cogendi
759 2339 883 2401 consilii
898 2341 1025 2403 notione
1042 2345 1143 2424 egent,
1162 2360 1267 2423 neque
1287 2341 1420 2404 dubium
1441 2348 1498 2423 θεῖ,

285 2455 376 2536 ‘quin
396 2455 527 2536 plurimi
547 2454 625 2534 loci,
648 2473 728 2537 quos
753 2473 850 2536 supra
870 2453 930 2516 sub
949 2453 969 2515 f.
993 2454 1170 2535 attulimus,
1189 2456 1414 2537 interpretandi
1434 2457 1498 2520 sint

297 2569 368 2649 „ita
389 2574 426 2631 ut
448 2618 454 2631 .
479 2567 506 2630 .“

375 2683 484 2764 Minus
505 2686 600 2747 etiam
610 2685 661 2747 vis
681 2683 864 2765 subjectiva,
882 2689 919 2747 ut
931 2686 976 2747 ita
986 2684 1098 2763 dicam,
1119 2684 1225 2748 uerbis
1236 2685 1365 2748 alterius
1378 2685 1496 2764 classis,

294 2800 476 2863 facultatem
498 2805 602 2882 aptam
622 2801 672 2863 vel
694 2799 903 2863 sufficientem
923 2800 963 2863 ad
984 2799 1105 2880 aliquid
1119 2799 1380 2882 significantibus,
1399 2801 1495 2878 inest;

297 2934 393 2997 quare
424 2914 598 2977 infinitivos
627 2914 782 2978 eiusmodi
808 2915 1036 2977 sententiarum
1056 2913 1146 2977 facile
1166 2916 1368 2978 consecutivo
1389 2918 1497 2999 generi

295 3029 481 3093 tribuemus.
524 3029 574 3092 lbi
595 3048 670 3093 vero
691 3029 776 3092 haud
794 3030 858 3091 seio
879 3049 920 3091 an
940 3030 1046 3111 potius
1066 3029 1208 3094 medium
1223 3030 1382 3113 quoddam
1399 3034 1497 3094 statu-

295 3165 386 3208 amus
412 3146 495 3208 inter
518 3144 616 3208 finem
640 3145 691 3208 vel
720 3145 889 3208 consilium
917 3148 948 3207 et
973 3148 1235 3209 consecutionem.
1277 3145 1390 3229 Neque
1411 3148 1497 3210 emm

294 3259 481 3342 intelligitur
500 3259 574 3323 finis
596 3261 726 3342 potitus3
757 3279 816 3323 nec
836 3265 942 3322 tamen
963 3259 1067 3322 solum
1087 3261 1135 3339 id,
1158 3260 1243 3342 quod
1265 3261 1419 3342 sequitur,
1442 3261 1497 3324 sed

295 3375 401 3456 potius
420 3374 494 3437 finis
514 3376 550 3437 in
569 3376 638 3457 ipsa
658 3394 692 3466 re
702 3376 841 3457 positae,
864 3376 917 3437 eui
935 3394 986 3438 ros
1003 3375 1109 3457 aliqua
1126 3377 1317 3438 conveniens
1333 3381 1364 3439 et
1375 3395 1496 3439 accom-

294 3490 421 3552 modata
442 3495 503 3570 est,
530 3490 615 3571 quod
634 3509 693 3552 nos
714 3489 849 3552 dicimus
872 3487 1212 3572 „Zweckmaissigkeit“.
1234 3489 1399 3553 -Etiam
1420 3491 1497 3554 haec

295 3605 392 3668 verba
413 3607 538 3688 saepius
558 3605 744 3688 particrdam
769 3594 847 3664 ὥστε
867 3605 958 3686 sequi
977 3609 1106 3667 constat.

374 3720 526 3802 Apertius
540 3722 589 3784 vis
604 3722 806 3784 consecutiva
819 3722 910 3783 tertia
923 3720 1061 3801 quadam
1077 3720 1186 3800 classe,
1206 3720 1310 3784 verbis
1326 3720 1496 3801 accidendi,

263 3820 266 3825 ⁵
295 3835 487 3915 continetur,
519 3854 656 3917 quorum
676 3836 760 3918 apud
780 3835 958 3898 Homerum
977 3854 1019 3898 ne
1040 3855 1143 3897 unum
1165 3835 1294 3917 quidem
1314 3835 1497 3917 exemplum
1591 3826 1595 3831 ⁴

294 3954 419 4013 exstare
439 3950 572 4012 uidetur.

512 4170 540 4233 3.
560 4168 795 4233 Infinitivus
816 4175 905 4253 post
924 4171 1039 4234 verba
1063 4171 1274 4235 accidendi.

374 4292 512 4356 Herod.
555 4290 763 4373 iuylyvrrae
790 4293 830 4356 ad
857 4293 1118 4376 significationem
1145 4295 1315 4359 verborum
1338 4295 1497 4358 facultatis

295 4427 391 4490 prope
411 4409 536 4473 accedit.
577 4409 682 4473 Etiam
703 4408 871 4473 Abiohtius
892 4409 931 4472 ad
952 4408 978 4490 Ι,
994 4411 1032 4475 78
1052 4405 1258 4488 ἀπικομένοισι
1276 4407 1309 4470 δι’
1331 4404 1384 4469 οὐκ
1404 4406 1498 4489 ἐξεγέ-
