3458 4870
796 364 994 428 „22-

335 549 366 621 β,
378 546 444 610 137.
637 592 643 605 .
684 592 691 605 .
732 540 849 620 νέμεσις
871 540 908 602 δέ
924 564 978 619 μοι
998 540 1029 613 ἐξ
1050 536 1227 619 ἀνθρώπων

497 655 615 718 έσσεται
636 677 643 691 ·
669 655 711 729 ὥς
733 653 769 718 eri
791 658 903 718 τοῦτον
922 652 980 737 ἐγώ
1001 678 1074 717 ποτε
1093 657 1200 734 μῦθον
1221 655 1326 733 ἐνίψω.

339 775 374 837 cf.
396 773 423 848 δ,
434 776 483 839 93.
519 798 537 847 ι,
550 776 618 840 306.
652 790 686 847 ω,
698 776 745 839 93.

376 889 528 953 Plurimis
555 889 632 953 locis
652 879 731 949 ὥστε
751 893 783 952 et
808 884 850 959 ὦς
871 890 937 951 rim
961 889 1203 972 comparativam
1228 887 1344 953 habere
1368 895 1497 987 constat

297 1005 352 1068 Nil
378 1010 484 1068 tamen
512 1005 643 1087 impedit
663 1005 835 1087 quominus
860 1006 955 1067 etiam
985 1003 1022 1067 de
1050 1004 1226 1086 antiquiore
1254 1003 1499 1067 demonstrativa

299 1121 427 1183 notione
447 1121 580 1202 vestigia
604 1121 639 1181 in
659 1118 836 1182 Homericis
863 1117 1057 1182 carminibus
1088 1123 1210 1182 servata
1236 1137 1306 1182 esse
1326 1120 1498 1184 credamus.

299 1233 369 1310 Qua
388 1237 422 1297 in
434 1254 468 1298 re
487 1254 731 1297 commemorare
749 1233 850 1315 liceat,
872 1236 966 1297 etiam
986 1238 1061 1317 part
1091 1231 1151 1308 ira,
1174 1253 1248 1296 cum
1269 1252 1391 1317 semper
1403 1235 1498 1317 signi-

298 1350 370 1413 ficet
400 1348 487 1431 „ubi,
516 1348 609 1433 qno“‚
640 1350 737 1414 semel
765 1354 871 1413 tamen
900 1350 1111 1432 antiquiorem
1131 1351 1292 1412 notionem
1318 1348 1390 1430 „eo‘·
1411 1368 1499 1432 prae-

298 1464 373 1528 bere
393 1464 444 1545 (K,
458 1464 535 1542 127).

379 1579 476 1663 Apud
507 1580 700 1663 antiquiores
731 1581 896 1663 scriptores
928 1571 1005 1640 ὥστε
1034 1600 1059 1643 c.
1085 1600 1114 1641 v.
1141 1580 1195 1643 fin.
1229 1581 1331 1643 rarius
1363 1580 1500 1643 inveniri

300 1697 417 1758 mirum
431 1715 496 1758 non
509 1700 565 1777 est,
587 1697 737 1777 quoniam
746 1695 923 1759 infinitivus
938 1696 978 1759 ad
992 1698 1246 1759 consecutionem
1261 1694 1499 1780 significandam

250 1828 254 1834 ·
301 1808 475 1873 sufficiebat
487 1811 689 1892 maximeque
707 1812 741 1872 in
761 1816 908 1874 usuerat
949 1810 1062 1875 Exstat
1083 1801 1162 1899 dicre
1184 1807 1247 1891 (ὥς)
1264 1831 1288 1874 o.
1301 1810 1385 1874 verb.
1410 1809 1500 1874 finito

379 1925 539 2009 Theogn
560 1926 628 1991 264.

500 2035 625 2121 ψυχρόν
644 2061 698 2118 μοι
718 2035 801 2120 παρὰ
822 2040 895 2124 τῇδε
916 2039 999 2122 φίλοι
1018 2039 1139 2101 πίνουσι
1159 2041 1270 2116 τοκέες,

502 2148 585 2217 ὥσθ’
606 2147 672 2234 ἅμα
693 2151 854 2237 θ’ὗδρεέει,
874 2156 926 2216 καί
942 2178 980 2234 με
1000 2157 1104 2237 γοῶσα
1127 2155 1219 2238 φέρει·

383 2270 536 2347 Quamvis
558 2274 644 2335 enim
660 2274 780 2336 incerta
800 2274 840 2336 sit
859 2273 960 2353 lectio,
980 2278 1085 2337 tamen
1104 2293 1170 2337 non
1191 2273 1324 2337 dubium
1344 2278 1402 2353 est,
1423 2294 1443 2356 q
1469 2274 1475 2286 “

302 2378 381 2447 ὥστε
399 2406 424 2450 c.
444 2387 507 2451 ind.
526 2387 586 2450 hoc
606 2388 674 2450 loco
694 2389 832 2471 positum
854 2389 900 2451 sit

289 2550 293 2553 -
381 2501 546 2586 Hippon.
564 2501 600 2563 fr.
622 2502 680 2605 35.v
693 2501 807 2585 (Bergk
828 2502 944 2585 puta)

499 2615 647 2698 κατέφαγε
668 2613 707 2696 δὴ
729 2611 783 2677 τὸν
804 2618 924 2698 κλῆρον·
947 2610 1026 2679 ὥστε
1043 2612 1106 2698 χρὴ
1128 2612 1268 2677 σκάπτειν

500 2731 614 2813 πέτρας
634 2728 733 2813 ὀρείας
754 2778 761 2791 .
785 2781 792 2796 .

381 2841 614 2929 Aeschylus
636 2839 715 2909 ὥστε
734 2841 911 2932 nunquam,
932 2849 987 2913 sed
1000 2849 1101 2919 tribus
1116 2849 1192 2912 locis
1206 2843 1248 2919 uic
1269 2869 1293 2911 c.
1305 2849 1368 2911 ind.
1388 2851 1501 2913 irmxit

303 2963 456 3045 (Diodori,
476 2963 550 3027 Lex.
572 2964 696 3041 Aesch.)
737 2963 939 3028 Pindarus
960 2983 1082 3041 semper
1101 2963 1257 3027 infinitivo
1275 2984 1356 3028 usus
1377 2969 1431 3028 est

383 3077 468 3141 Iilud
488 3080 586 3162 igitur
598 3081 632 3141 in
649 3080 783 3143 dubium
797 3081 902 3142 vocari
922 3099 988 3142 non
1007 3083 1116 3162 potest
1135 3080 1199 3142 iam
1220 3078 1258 3142 ab
1271 3080 1503 3163 antiquioribus

304 3193 508 3276 scriptoribus
528 3200 604 3277 part
626 3189 704 3255 ὥστε
725 3196 823 3258 cind.
843 3199 1028 3278 usurpatam
1037 3195 1144 3260 fuisse.
1185 3195 1297 3279 Neque
1314 3215 1373 3259 nos
1388 3201 1503 3277 movet,

303 3308 389 3392 quod
412 3305 618 3390 Kuehnerus‚
645 3314 681 3373 ut
702 3311 783 3373 hanc
810 3316 1000 3374 structuram
1020 3313 1190 3395 posteriore
1210 3316 1309 3375 aetate
1329 3316 1430 3375 ortam
1450 3312 1503 3376 de-

302 3428 464 3506 monstret,
484 3426 528 3488 ita
547 3425 689 3509 loquitur
709 3446 739 3508 p.
751 3427 838 3507 1001,
858 3427 892 3489 2:
916 3426 973 3507 „In
991 3426 1052 3490 den
1062 3426 1292 3490 Homerischen
1311 3427 1379 3490 und
1389 3426 1503 3490 Hesio-

303 3524 431 3603 dischen
453 3539 625 3605 Gedichten
645 3540 752 3604 finden
775 3541 841 3603 sich
861 3560 924 3604 nur
945 3543 1067 3624 wenige
1091 3541 1226 3621 Stelien,
1245 3543 1281 3604 in
1301 3541 1403 3605 denen
1423 3532 1502 3602 ὥστε

304 3653 361 3716 auf
378 3654 463 3719 diese
482 3654 589 3719 Weise
613 3655 785 3740 gebraucht
804 3656 994 3736 vorkommt,
1024 3656 1091 3720 und
1124 3675 1209 3719 zwar
1239 3670 1315 3719 nur
1342 3657 1440 3720 zwei
1467 3657 1503 3719 in

304 3767 514 3853 Verbindung
532 3772 591 3834 mit
611 3771 681 3834 dem
702 3763 870 3850 Indikatir',
891 3771 941 3834 die
961 3770 1096 3853 tibrigen
1117 3771 1175 3833 mit
1194 3770 1266 3834 dem
1280 3769 1357 3833 Inf.“
1398 3770 1443 3834 At
1462 3790 1503 3835 ne

304 3883 342 3946 de
374 3883 472 3946 altera
502 3885 629 3966 quidem
655 3889 814 3949 structura
842 3884 926 3968 apud
957 3883 1135 3948 Homerum
1161 3885 1234 3968 plus
1264 3876 1327 3950 duo
1361 3886 1504 3971 exempla

301 3999 516 4062 inveniuntur.

382 4113 451 4177 Iam
471 4092 645 4199 rideamus,
666 4137 748 4201 quae
768 4119 853 4202 apud
871 4118 1116 4181 Herodotum
1137 4122 1269 4182 exstent

275 4216 279 4223 ’
384 4219 463 4289 ὥστε
484 4232 715 4315 quinquaginta
735 4253 792 4297 sex
812 4233 889 4297 locis
910 4233 1041 4316 legitur,
1062 4228 1110 4302 ὦς
1131 4237 1260 4315 septem,
1282 4252 1419 4314 quorum
1439 4230 1502 4294 duo

303 4343 337 4404 in
372 4343 505 4407 dubium
536 4349 642 4410 vocari
679 4353 821 4431 possunt.
872 4347 902 4411 A
937 4346 1092 4411 Brandtio
1122 4347 1253 4411 nonnisi
1285 4346 1319 4409 hi
1351 4352 1415 4410 tres
1443 4346 1504 4410 loci

302 4456 388 4522 allati
408 4465 508 4523 sunt:
