3458 4870
307 984 395 1102 Cum
424 1038 462 1103 de
486 1038 619 1102 aliorum
644 1038 879 1101 enuntiatorum
910 1057 988 1118 usu,
1024 1037 1126 1120 qualis
1152 1038 1236 1122 apud
1266 1039 1407 1104 diversos

206 1160 327 1218 veteres
349 1153 514 1235 scriptores
534 1152 642 1233 fuerit,
668 1152 754 1215 haud
776 1153 868 1234 pauci
888 1152 1031 1214 virorum
1055 1151 1219 1215 doctorum
1241 1156 1407 1236 separatim

208 1268 428 1348 disseruerint,
456 1267 535 1331 illud
559 1272 666 1331 tamen
686 1286 802 1351 genus,
829 1286 892 1349 quo
918 1267 1118 1330 consecutiva
1143 1268 1193 1330 vis
1219 1270 1407 1350 continetur,

206 1384 399 1446 accuratiore
420 1382 525 1445 studio
550 1382 645 1467 digna
663 1383 733 1445 visa
753 1400 819 1444 non
839 1387 893 1445 est
936 1379 1007 1456 Quo
1027 1381 1148 1445 factum
1169 1388 1225 1463 est,
1245 1388 1283 1447 ut
1301 1384 1406 1467 paullo

208 1497 390 1581 diligentius
413 1516 610 1580 quaererem,
643 1497 835 1580 quibusnam
860 1495 1064 1579 regulis.eae
1097 1498 1328 1561 enuntiationes
1353 1498 1408 1587 de-

209 1612 372 1693 finianum,
391 1613 478 1676 unde
499 1618 593 1694 ortae,
613 1613 770 1696 quomodo
792 1612 935 1676 excultae
954 1613 1025 1675 sint.
1069 1609 1171 1687 Quam
1192 1614 1408 1694 quaestionem

207 1728 242 1790 in
253 1726 432 1791 Herodoteo
442 1729 582 1791 maxime
604 1748 668 1792 usu
687 1729 806 1791 versari
826 1747 893 1790 non
912 1728 1030 1790 mirum
1041 1727 1100 1790 erit
1110 1728 1148 1807 ei,
1170 1728 1226 1810 qui
1245 1727 1407 1808 intellexit,

208 1841 240 1903 id
257 1841 520 1924 quodAbichtius
540 1843 574 1904 in
594 1842 785 1925 praefatione
804 1842 949 1906 editionis
970 1860 1046 1905 snae
1057 1840 1231 1922 confirmat,
1255 1841 1408 1906 Herodoti

207 1957 380 2019 orationem
404 1962 469 2019 tam
497 1958 589 2020 certis
618 1958 762 2022 terminis
789 1957 949 2021 definitam
972 1976 1055 2037 esse,
1082 1962 1118 2019 ut
1142 1956 1288 2020 facillime
1313 1975 1409 2021 exse

207 2071 276 2153 ipsa
306 2070 456 2133 illustrari
487 2073 594 2154 possit.
653 2071 854 2154 Quamquam
889 2073 983 2136 etiam
1014 2077 1188 2134 ceterorum
1219 2073 1407 2154 scriptorum

207 2205 314 2266 usum,
338 2191 495 2268 quatenus
513 2185 581 2250 fieri
595 2189 707 2270 potuit,
728 2189 868 2251 maxime
887 2185 1019 2250 Homeri
1039 2190 1070 2248 et
1089 2184 1290 2266 Thucydidis,
1311 2187 1408 2269 respi-

207 2299 356 2364 ciendum
373 2301 491 2382 putavi.

287 2413 399 2496 Neque
419 2415 523 2477 solum
540 2414 625 2497 ipsas
643 2416 870 2495 consecutivus,
891 2433 973 2496 quae
981 2415 1106 2497 proprie
1126 2415 1285 2494 dicunmr,
1306 2434 1408 2478 enun-

207 2530 352 2593 tiationes
376 2534 508 2592 tractare
535 2529 613 2591 mihi
643 2529 677 2591 in
706 2530 813 2592 animo
838 2536 919 2609 erat,
958 2530 1013 2593 sed
1041 2530 1170 2592 omniuo
1200 2549 1264 2611 qua
1288 2530 1408 2593 ratione

72 2674 77 2687 ·
206 2642 387 2707 Herodotus
414 2644 670 2708 consecutionem
692 2644 744 2708 vel
769 2642 914 2708 effectum
940 2643 1161 2728 significaverit
1187 2663 1337 2726 quaerere
1359 2646 1408 2706 in-

207 2760 304 2822 stitui.
345 2758 393 2821 Eo
415 2760 501 2822 enim
523 2759 662 2821 maxime
682 2760 884 2842 perspicuum
905 2758 950 2839 fit,
971 2764 1090 2842 quanta
1110 2758 1291 2851 adjumenta
1312 2759 1408 2840 scn'p·

207 2875 267 2936 tori
287 2873 397 2957 lingua
417 2873 457 2936 ad
478 2874 648 2937 sententias
667 2874 753 2936 varie
771 2874 952 2936 formandas
969 2874 1165 2956 praestiterit.

287 2986 314 3050 Il
335 2986 433 3068 libris,
455 2986 572 3071 quibus
592 2989 626 3050 in
647 2988 705 3051 hac
727 2990 910 3070 quaestione
930 2988 1084 3072 imprimis
1106 2989 1152 3051 uti
1173 2985 1301 3068 licebat,
1327 2987 1407 3050 duos

208 3120 419 3165 commemoro
439 3100 574 3166 libellos:

288 3215 454 3295 Brandt,
491 3214 539 3280 De
567 3217 734 3280 modorum
766 3217 851 3300 apud
880 3216 997 3281 Herod.
1034 3236 1105 3280 usu.
1159 3215 1274 3297 Gymn.
1302 3236 1405 3301 progr.

71 3362 79 3389 t
207 3330 436 3395 0111111872.
459 3331 506 3396 73.
555 3330 615 3410 (Ibi
634 3332 719 3395 enim
740 3331 787 3413 H,
807 3351 837 3414 p.
858 3332 880 3395 4
900 3331 939 3395 de
959 3332 1186 3394 sententiarum
1206 3330 1407 3395 relativarum

205 3463 320 3525 genere
347 3446 549 3509 consecutivo
575 3446 691 3529 agium,
718 3466 748 3529 p.
773 3447 819 3511 19.
842 3447 896 3525 20,
926 3465 999 3508 cum
1024 3445 1064 3507 ad
1089 3444 1185 3509 finem
1206 3444 1406 3526 perducenda

78 3564 84 3579 '
206 3564 289 3622 esset
310 3561 467 3640 quaestio,
488 3562 663 3624 enumerati
683 3566 807 3623 tanturm
828 3564 904 3623 sunt
925 3560 999 3639 loci,
1027 3579 1093 3623 non
1111 3578 1236 3637 omnes,
1262 3558 1317 3622 sed
1336 3558 1405 3641 plu·

76 3728 79 3737 .
205 3674 289 3751 rimi,
311 3671 428 3754 quibus
448 3664 527 3732 ὥστε
547 3679 578 3737 at
599 3669 642 3744 ὥς
661 3673 890 3750 inveniuntur.)

287 3785 431 3865 Wilde,
449 3785 498 3850 De
517 3788 669 3870 particula
689 3779 776 3850 ὥστε.
819 3788 934 3868 Gymn.
950 3806 1051 3870 progr.
1075 3786 1191 3849 Gorlitz
1205 3788 1293 3866 1861,
1315 3787 1406 3866 cujus

206 3900 375 3983 disputatio
397 3907 462 3964 tota
481 3903 516 3963 in
536 3901 737 3982 Thucydideo
758 3921 820 3965 usn
842 3907 993 3965 versatur.

288 4013 395 4078 Cetera
416 4034 474 4078 suo
496 4036 641 4099 quaeque
659 4017 726 4079 loco
746 4015 1084 4080 commemorabuntur.
