3458 4870
794 360 993 429 ..30-

294 542 478 609 Notandum
499 562 573 608 vero
594 547 657 625 est,
684 540 719 605 in
739 548 875 626 utroque
900 544 967 607 loeo
991 542 1178 607 sententiam
1198 542 1380 626 primariam
1400 560 1495 629 nega-

295 663 392 726 tivam
413 681 481 726 esse
507 679 608 743 eoque
628 660 767 723 maxime
788 658 884 739 effici,
915 665 952 722 ut
978 659 1025 740 id,
1056 659 1142 742 quod
1162 659 1318 742 sequitur,
1345 660 1430 743 quod
1455 661 1495 724 ad

294 777 427 841 formam
455 775 609 840 enuntiati
633 776 756 856 attinet,
789 776 973 857 cogitatum,
1003 794 1069 837 non
1095 794 1168 838 vere
1198 775 1317 839 fantum
1343 782 1495 860 appareat

296 892 391 974 („I)as
415 891 597 955 'ltaumbild
624 892 667 953 ist
692 890 844 973 derartig,
879 890 952 953 dass
983 909 1017 953 es
1050 890 1213 954 sicherlioh
1240 891 1330 954 nieht
1358 891 1496 975 glauben

295 1008 390 1070 wind.
408 1005 445 1086 .“)
486 1007 580 1070 Unde
600 1007 753 1089 sequitur,
772 1011 848 1088 part
871 997 971 1064 ὥστε
991 1024 1015 1067 ο.
1033 1005 1110 1069 ind.
1129 1026 1335 1089 nunquam
1354 1026 1495 1070 meram

295 1122 605 1206 cogitationem,
631 1120 686 1184 sed
706 1139 830 1203 semper
852 1139 919 1183 rem
937 1121 1014 1184 'vere
1033 1119 1147 1183 fastam
1168 1121 1219 1184 vel
1240 1140 1322 1203 quae
1341 1126 1495 1204 tanquam

295 1257 369 1302 vere
394 1241 546 1301 eventura
572 1236 678 1298 animo
704 1234 863 1318 seripturis
889 1235 1088 1316 obversetur,
1115 1235 1291 1319 significari.
1342 1235 1454 1319 Neque
1478 1255 1496 1300 e

294 1353 432 1434 Thucyd.
452 1352 544 1433 looiS,
566 1371 646 1435 quos
666 1351 805 1415 Wildius
824 1351 843 1413 l.
865 1371 889 1414 ο.
910 1352 1063 1436 plurimos
1084 1353 1294 1432 enumeravit,
1323 1351 1374 1415 vel
1392 1371 1497 1415 uuum

295 1469 486 1549 invenimus,
509 1486 572 1550 quo
594 1458 673 1526 ὥστε
693 1486 718 1529 ο.
739 1466 804 1529 ind.
825 1468 996 1550 eogimtum
1017 1467 1136 1551 aliquid
1155 1467 1279 1531 indicet

374 1582 533 1665 Addimus
554 1601 607 1646 eos
626 1582 726 1663 locos,
747 1582 865 1665 quibus
884 1582 960 1646 ind
982 1588 1049 1646 aut
1069 1588 1139 1667 opt
1160 1603 1246 1646 oum
1266 1587 1357 1666 part
1378 1574 1421 1641 ἄν
1447 1582 1496 1644 in-

296 1699 476 1762 veniuntur.
516 1696 586 1759 Iam
607 1697 691 1781 apud
711 1696 813 1760 Hom.
835 1697 937 1762 simile
958 1697 1035 1780 quid
1056 1702 1159 1761 exstat
1175 1697 1201 1779 I,
1209 1697 1276 1761 444.

486 1806 528 1883 ὣς
549 1786 586 1870 dv
605 1808 691 1871 ἔπειτ’
716 1807 777 1871 dno
800 1818 871 1887 οεῖο,
894 1811 985 1894 φίλον
1006 1809 1099 1893 τίκος,
1122 1811 1176 1872 οὐκ
1196 1809 1333 1890 ίθίλοιμι

487 1921 620 1986 λείπεσθ’
639 1971 677 1986 ..

376 2042 460 2106 Her.
500 2042 577 2106 Ind.
600 2063 624 2105 ο.
650 2035 696 2101 ι’ίν
722 2043 791 2124 (hoe
812 2063 922 2107 sensu:
950 2045 1072 2127 itaque,
1099 2045 1127 2107 si
1153 2063 1264 2108 verum
1290 2047 1386 2123 esset,
1412 2041 1497 2126 quod

297 2159 462 2238 antecedit,
483 2159 543 2221 hoo
561 2159 713 2238 eveniret3
735 2178 800 2222 non
820 2164 927 2224 tamen
946 2178 1059 2224 verum
1079 2159 1144 2237 est)

375 2273 473 2348 Π,22.
506 2263 593 2348 ὥστε,
615 2271 641 2331 εί
659 2267 791 2350 ἐχιόνιζε,
813 2264 883 2333 ὕετο
905 2267 951 2337 ἄν.

422 2388 470 2452 43.
503 2382 582 2447 (ἕστε
602 2378 640 2446 ἂν
660 2382 700 2447 τὰ
722 2382 879 2465 οὐνόματα
900 2386 1107 2470 ἔξηπιστίατο.

377 2501 458 2585 Opt
479 2520 503 2564 ο.
524 2493 567 2560 ἄν
588 2502 638 2583 (=
653 2503 771 2586 itaque,
792 2504 819 2567 si
830 2504 907 2586 quid
924 2504 1010 2567 aliud
1021 2505 1183 2587 assideret,
1203 2505 1294 2569 facile
1309 2504 1378 2568 fieri
1387 2504 1497 2588 possit,

296 2620 333 2678 ut
352 2617 459 2699 aliqua
478 2636 530 2681 res
551 2616 722 2697 efficiatur.)

375 2731 417 2813 H,
431 2733 473 2797 16.
506 2734 562 2792 τοῦ
573 2729 677 2792 Δέλτα
698 2730 730 2793 δὲ
750 2728 865 2794 τούτου
884 2728 1009 2796 κατὰτὸ
1028 2730 1083 2807 ὀξὺ
1094 2730 1327 2816 περιρρήγνυται
1347 2729 1365 2794 ὅ
1375 2735 1494 2809 Νεῖλος,

297 2836 376 2905 ὥστε
395 2889 403 2904 .
425 2890 433 2905 .
454 2841 561 2926 γίνοιτ’
582 2843 628 2905 ἄν.

377 2962 442 3026 173.
477 2960 502 3020 εί
519 2955 577 3040 γὰρ
599 2955 638 3040 δὴ
659 2955 714 3021 τὸν
740 2957 840 3022 πάντα
859 2957 974 3039 χρόνον
994 2961 1173 3041 ἐντεταμένα
1194 2959 1250 3044 εἴη,
1276 2961 1409 3044 ἐκραγείη
1428 2955 1465 3022 ι’ίν
1487 2984 1496 3001 ·

297 3066 379 3174 ολστει
396 3074 426 3146 ἐς
446 3069 480 3135 τὸ
504 3072 573 3136 δίον
595 3070 648 3136 οὐκ
669 3068 707 3136 ἂν
728 3073 823 3156 ἔχοιεν
846 3073 966 3139 adnotat
985 3079 1136 3159 χρῆσθαι.

376 3189 491 3270 IV,75.
524 3186 639 3268 ἀτμίδα
658 3190 822 3272 παρέχεται
843 3214 917 3270 τοο,
941 3187 1019 3255 ὥστε
1041 3189 1166 3273 οὐδεμία
1186 3186 1223 3253 ἄν
1236 3217 1290 3272 μιν
1310 3191 1402 3274 πυρίη
1417 3187 1497 3253 dno-

296 3299 461 3383 apartium.

376 3418 473 3482 Nulla
489 3419 742 3502 interpretatione
761 3423 838 3486 tales
858 3422 918 3485 looi
939 3427 1039 3505 egent,
1060 3443 1134 3487 oum
1154 3423 1312 3507 primariis
1333 3424 1495 3487 sententiis

296 3552 425 3616 prorsus
445 3552 536 3616 pares
555 3532 691 3598 habendi
712 3536 783 3598 sint.
