<?xml version="1.0" encoding="UTF-8"?>
<!DOCTYPE html PUBLIC "-//W3C//DTD XHTML 1.0 Transitional//EN"
    "http://www.w3.org/TR/xhtml1/DTD/xhtml1-transitional.dtd">
<html xmlns="http://www.w3.org/1999/xhtml" xml:lang="en" lang="en">
 <head>
  <title>
</title>
<meta http-equiv="Content-Type" content="text/html;charset=utf-8" />
  <meta name='ocr-system' content='tesseract 3.04.00' />
  <meta name='ocr-capabilities' content='ocr_page ocr_carea ocr_par ocr_line ocrx_word'/>
</head>
<body>
  <div class='ocr_page' id='page_1' title='image "./observationesin00rudlgoog_0023.png"; bbox 0 0 3458 4870; ppageno 0'>
   <div class='ocr_carea' id='block_1_1' title="bbox 763 348 962 415">
    <p class='ocr_par' dir='ltr' id='par_1_1' title="bbox 763 348 962 415">
     <span class='ocr_line' id='line_1_1' title="bbox 763 348 962 415; baseline 0.005 -20"><span class='ocrx_word' id='word_1_1' title='bbox 763 348 962 415; x_wconf 63' lang='lat' dir='ltr'>..1ss-</span> 
     </span>
    </p>
   </div>
   <div class='ocr_carea' id='block_1_2' title="bbox 262 529 1462 613">
    <p class='ocr_par' dir='ltr' id='par_1_2' title="bbox 262 529 1462 613">
     <span class='ocr_line' id='line_1_2' title="bbox 262 529 1462 613; baseline 0.007 -23"><span class='ocrx_word' id='word_1_2' title='bbox 262 529 401 591; x_wconf 84' lang='lat' dir='ltr'>maxime</span> <span class='ocrx_word' id='word_1_3' title='bbox 427 529 461 590; x_wconf 91' lang='lat' dir='ltr'>in</span> <span class='ocrx_word' id='word_1_4' title='bbox 481 548 545 591; x_wconf 91' lang='lat' dir='ltr'>usu</span> <span class='ocrx_word' id='word_1_5' title='bbox 565 534 647 609; x_wconf 77' lang='lat' dir='ltr'>erat,</span> <span class='ocrx_word' id='word_1_6' title='bbox 673 529 709 591; x_wconf 92' lang='lat' dir='ltr'>in</span> <span class='ocrx_word' id='word_1_7' title='bbox 729 530 788 592; x_wconf 89' lang='lat' dir='ltr'>hac</span> <span class='ocrx_word' id='word_1_8' title='bbox 808 548 936 613; x_wconf 88' lang='lat' dir='ltr'>quoque</span> <span class='ocrx_word' id='word_1_9' title='bbox 957 534 1116 593; x_wconf 75' lang='lat' dir='ltr'>structura</span> <span class='ocrx_word' id='word_1_10' title='bbox 1135 531 1164 594; x_wconf 91' lang='lat' dir='ltr'>ei</span> <span class='ocrx_word' id='word_1_11' title='bbox 1186 530 1275 596; x_wconf 90' lang='lat' dir='ltr'>locus</span> <span class='ocrx_word' id='word_1_12' title='bbox 1295 532 1387 597; x_wconf 88' lang='lat' dir='ltr'>datus</span> <span class='ocrx_word' id='word_1_13' title='bbox 1408 539 1462 599; x_wconf 83' lang='lat' dir='ltr'>est</span> 
     </span>
    </p>
   </div>
   <div class='ocr_carea' id='block_1_3' title="bbox 262 637 1462 842">
    <p class='ocr_par' dir='ltr' id='par_1_3' title="bbox 262 637 1462 842">
     <span class='ocr_line' id='line_1_3' title="bbox 262 637 1462 729; baseline 0.005 -23"><span class='ocrx_word' id='word_1_14' title='bbox 262 642 374 727; x_wconf 89' lang='lat' dir='ltr'>Neque</span> <span class='ocrx_word' id='word_1_15' title='bbox 387 644 510 707; x_wconf 91' lang='lat' dir='ltr'>desunt</span> <span class='ocrx_word' id='word_1_16' title='bbox 529 644 688 727; x_wconf 78' lang='lat' dir='ltr'>exempla,</span> <span class='ocrx_word' id='word_1_17' title='bbox 715 644 832 728; x_wconf 89' lang='lat' dir='ltr'>quibus</span> <span class='ocrx_word' id='word_1_18' title='bbox 857 647 976 709; x_wconf 90' lang='lat' dir='ltr'>omissa</span> <span class='ocrx_word' id='word_1_19' title='bbox 988 651 1071 729; x_wconf 24' lang='lat' dir='ltr'>‘part</span> <span class='ocrx_word' id='word_1_20' title='bbox 1093 637 1172 706; x_wconf 77' lang='grc' dir='ltr'><em>ὥστε</em></span> <span class='ocrx_word' id='word_1_21' title='bbox 1199 647 1302 711; x_wconf 90' lang='lat' dir='ltr'>solum</span> <span class='ocrx_word' id='word_1_22' title='bbox 1322 645 1344 727; x_wconf 74' lang='grc' dir='ltr'>ἢ</span> <span class='ocrx_word' id='word_1_23' title='bbox 1363 669 1388 712; x_wconf 92' lang='lat' dir='ltr'>c.</span> <span class='ocrx_word' id='word_1_24' title='bbox 1408 650 1462 712; x_wconf 78' lang='lat' dir='ltr'>ini</span> 
     </span>
     <span class='ocr_line' id='line_1_4' title="bbox 262 758 763 842; baseline 0.008 -21"><span class='ocrx_word' id='word_1_25' title='bbox 262 763 372 822; x_wconf 84' lang='lat' dir='ltr'>exstat</span> <span class='ocrx_word' id='word_1_26' title='bbox 393 758 495 842; x_wconf 82' lang='lat' dir='ltr'>(Soph.</span> <span class='ocrx_word' id='word_1_27' title='bbox 519 758 593 824; x_wconf 89' lang='lat' dir='ltr'>Oed</span> <span class='ocrx_word' id='word_1_28' title='bbox 613 758 645 822; x_wconf 81' lang='grc' dir='ltr'>Τ.</span> <span class='ocrx_word' id='word_1_29' title='bbox 665 758 763 838; x_wconf 79' lang='lat'><strong>1293.)</strong></span> 
     </span>
    </p>
   </div>
   <div class='ocr_carea' id='block_1_4' title="bbox 681 962 1037 1043">
    <p class='ocr_par' dir='ltr' id='par_1_4' title="bbox 681 962 1037 1043">
     <span class='ocr_line' id='line_1_5' title="bbox 681 962 1037 1043; baseline -0.003 -15"><span class='ocrx_word' id='word_1_30' title='bbox 681 964 709 1028; x_wconf 86' lang='lat'>3.</span> <span class='ocrx_word' id='word_1_31' title='bbox 731 962 838 1043; x_wconf 82' lang='lat' dir='ltr'>(verba</span> <span class='ocrx_word' id='word_1_32' title='bbox 857 964 1037 1043; x_wconf 81' lang='lat' dir='ltr'>occidendi).</span> 
     </span>
    </p>
   </div>
   <div class='ocr_carea' id='block_1_5' title="bbox 260 1103 1461 1770">
    <p class='ocr_par' dir='ltr' id='par_1_5' title="bbox 260 1103 1461 1770">
     <span class='ocr_line' id='line_1_6' title="bbox 341 1103 1403 1195; baseline 0.005 -25"><span class='ocrx_word' id='word_1_33' title='bbox 341 1111 399 1192; x_wconf 74' lang='lat' dir='ltr'>HI,</span> <span class='ocrx_word' id='word_1_34' title='bbox 413 1113 458 1176; x_wconf 89' lang='grc'>14.</span> <span class='ocrx_word' id='word_1_35' title='bbox 485 1106 633 1190; x_wconf 82' lang='grc' dir='ltr'><em>συνήνεικε</em></span> <span class='ocrx_word' id='word_1_36' title='bbox 656 1103 735 1172; x_wconf 74' lang='grc' dir='ltr'><em>ὥστε</em></span> <span class='ocrx_word' id='word_1_37' title='bbox 756 1112 819 1172; x_wconf 78' lang='grc' dir='ltr'>τῶν</span> <span class='ocrx_word' id='word_1_38' title='bbox 840 1110 1024 1190; x_wconf 76' lang='grc' dir='ltr'><em>συμποτέων</em></span> <span class='ocrx_word' id='word_1_39' title='bbox 1045 1110 1073 1174; x_wconf 76' lang='lat' dir='ltr'>oi</span> <span class='ocrx_word' id='word_1_40' title='bbox 1093 1108 1190 1194; x_wconf 76' lang='grc' dir='ltr'><em>ἄνδρα</em></span> <span class='ocrx_word' id='word_1_41' title='bbox 1211 1113 1357 1195; x_wconf 76' lang='grc' dir='ltr'><em>παριέναι.</em></span> <span class='ocrx_word' id='word_1_42' title='bbox 1401 1156 1403 1161; x_wconf 83' lang='lat'><em>·</em></span> 
     </span>
     <span class='ocr_line' id='line_1_7' title="bbox 414 1218 1224 1306; baseline 0.001 -16"><span class='ocrx_word' id='word_1_43' title='bbox 414 1227 462 1290; x_wconf 81' lang='grc'>71.</span> <span class='ocrx_word' id='word_1_44' title='bbox 490 1224 581 1286; x_wconf 78' lang='grc' dir='ltr'><em>ε’πείτε</em></span> <span class='ocrx_word' id='word_1_45' title='bbox 601 1224 634 1286; x_wconf 70' lang='grc' dir='ltr'>δὲ</span> <span class='ocrx_word' id='word_1_46' title='bbox 657 1221 805 1306; x_wconf 83' lang='grc' dir='ltr'><em>συνήνεικε</em></span> <span class='ocrx_word' id='word_1_47' title='bbox 826 1218 971 1287; x_wconf 74' lang='grc' dir='ltr'><em>ὥστεκαὶ</em></span> <span class='ocrx_word' id='word_1_48' title='bbox 993 1224 1089 1305; x_wconf 66' lang='grc' dir='ltr'><em>ιῖμίας</em></span> <span class='ocrx_word' id='word_1_49' title='bbox 1110 1226 1224 1293; x_wconf 70' lang='grc' dir='ltr'><em>εἰδέναι.</em></span> 
     </span>
     <span class='ocr_line' id='line_1_8' title="bbox 340 1334 1459 1424; baseline 0.004 -21"><span class='ocrx_word' id='word_1_50' title='bbox 340 1341 429 1423; x_wconf 71' lang='lat' dir='ltr'>VIII,</span> <span class='ocrx_word' id='word_1_51' title='bbox 439 1343 486 1407; x_wconf 83' lang='lat'>90.</span> <span class='ocrx_word' id='word_1_52' title='bbox 528 1339 677 1420; x_wconf 85' lang='grc' dir='ltr'><em>συνήνεικε</em></span> <span class='ocrx_word' id='word_1_53' title='bbox 700 1335 781 1402; x_wconf 73' lang='grc' dir='ltr'>οὕτω</span> <span class='ocrx_word' id='word_1_54' title='bbox 804 1334 882 1404; x_wconf 76' lang='grc' dir='ltr'><em>ὥστε</em></span> <span class='ocrx_word' id='word_1_55' title='bbox 902 1338 976 1414; x_wconf 78' lang='grc' dir='ltr'><em>τοὺς</em></span> <span class='ocrx_word' id='word_1_56' title='bbox 997 1340 1187 1423; x_wconf 78' lang='grc' dir='ltr'><em>στρατηγοὺς</em></span> <span class='ocrx_word' id='word_1_57' title='bbox 1211 1341 1256 1424; x_wconf 79' lang='grc' dir='ltr'>μὴ</span> <span class='ocrx_word' id='word_1_58' title='bbox 1278 1342 1459 1408; x_wconf 67' lang='grc' dir='ltr'><em>ἀπολέσθαι.</em></span> 
     </span>
     <span class='ocr_line' id='line_1_9' title="bbox 341 1449 1461 1541; baseline 0.004 -25"><span class='ocrx_word' id='word_1_59' title='bbox 341 1458 366 1538; x_wconf 72' lang='lat' dir='ltr'>I,</span> <span class='ocrx_word' id='word_1_60' title='bbox 380 1459 427 1523; x_wconf 78' lang='grc'>74.</span> <span class='ocrx_word' id='word_1_61' title='bbox 467 1454 617 1536; x_wconf 79' lang='grc' dir='ltr'><em>συνήνεικε</em></span> <span class='ocrx_word' id='word_1_62' title='bbox 635 1449 713 1519; x_wconf 79' lang='grc' dir='ltr'><em>ὥστε</em></span> <span class='ocrx_word' id='word_1_63' title='bbox 733 1460 790 1538; x_wconf 75' lang='grc' dir='ltr'>τῆς</span> <span class='ocrx_word' id='word_1_64' title='bbox 810 1455 915 1538; x_wconf 83' lang='grc' dir='ltr'><strong><em>μάχης</em></strong></span> <span class='ocrx_word' id='word_1_65' title='bbox 937 1454 1143 1540; x_wconf 73' lang='grc' dir='ltr'><em>συνεστεώσης</em></span> <span class='ocrx_word' id='word_1_66' title='bbox 1168 1462 1225 1539; x_wconf 82' lang='grc' dir='ltr'>τῆν</span> <span class='ocrx_word' id='word_1_67' title='bbox 1252 1458 1367 1541; x_wconf 72' lang='grc' dir='ltr'><em>ἡμέρην</em></span> <span class='ocrx_word' id='word_1_68' title='bbox 1392 1461 1461 1534; x_wconf 70' lang='grc' dir='ltr'><em>ἐξα-</em></span> 
     </span>
     <span class='ocr_line' id='line_1_10' title="bbox 260 1568 627 1653; baseline 0.003 -21"><span class='ocrx_word' id='word_1_69' title='bbox 260 1572 347 1653; x_wconf 81' lang='grc' dir='ltr'><em>πίνης</em></span> <span class='ocrx_word' id='word_1_70' title='bbox 366 1568 457 1633; x_wconf 80' lang='grc' dir='ltr'><em>νύκτα</em></span> <span class='ocrx_word' id='word_1_71' title='bbox 477 1570 627 1653; x_wconf 74' lang='grc' dir='ltr'><em>γενέσθαι.</em></span> 
     </span>
     <span class='ocr_line' id='line_1_11' title="bbox 339 1682 1461 1770; baseline 0.004 -24"><span class='ocrx_word' id='word_1_72' title='bbox 339 1688 428 1769; x_wconf 80' lang='lat' dir='ltr'>VIII,</span> <span class='ocrx_word' id='word_1_73' title='bbox 443 1688 489 1752; x_wconf 79' lang='grc'>15.</span> <span class='ocrx_word' id='word_1_74' title='bbox 531 1684 689 1747; x_wconf 78' lang='grc' dir='ltr'><em>συνέπιπτε</em></span> <span class='ocrx_word' id='word_1_75' title='bbox 715 1682 793 1749; x_wconf 75' lang='grc' dir='ltr'><em>ὥστε</em></span> <span class='ocrx_word' id='word_1_76' title='bbox 824 1694 890 1759; x_wconf 85' lang='grc' dir='ltr'><em>ταῖς</em></span> <span class='ocrx_word' id='word_1_77' title='bbox 916 1683 1023 1760; x_wconf 75' lang='grc' dir='ltr'><em>αὐταῖς</em></span> <span class='ocrx_word' id='word_1_78' title='bbox 1050 1686 1179 1770; x_wconf 74' lang='grc' dir='ltr'><em>ἡμέραις</em></span> <span class='ocrx_word' id='word_1_79' title='bbox 1205 1689 1261 1760; x_wconf 82' lang='grc' dir='ltr'><em>τιίς</em></span> <span class='ocrx_word' id='word_1_80' title='bbox 1286 1691 1461 1769; x_wconf 77' lang='grc' dir='ltr'><em>ναυμαχίας</em></span> 
     </span>
    </p>
   </div>
   <div class='ocr_carea' id='block_1_6' title="bbox 259 1802 1460 2134">
    <p class='ocr_par' dir='ltr' id='par_1_6' title="bbox 259 1802 1460 2134">
     <span class='ocr_line' id='line_1_12' title="bbox 260 1802 767 1883; baseline 0.006 -22"><span class='ocrx_word' id='word_1_81' title='bbox 260 1802 406 1882; x_wconf 73' lang='grc' dir='ltr'><em>γίνεσθαι.</em></span> <span class='ocrx_word' id='word_1_82' title='bbox 445 1802 534 1883; x_wconf 82' lang='lat' dir='ltr'>VIH,</span> <span class='ocrx_word' id='word_1_83' title='bbox 546 1805 612 1868; x_wconf 78' lang='lat'>132.</span> <span class='ocrx_word' id='word_1_84' title='bbox 635 1805 700 1867; x_wconf 89' lang='grc'>141.</span> <span class='ocrx_word' id='word_1_85' title='bbox 721 1806 767 1869; x_wconf 84' lang='grc'>88.</span> 
     </span>
     <span class='ocr_line' id='line_1_13' title="bbox 339 1930 1460 2021; baseline 0.002 -22"><span class='ocrx_word' id='word_1_86' title='bbox 339 1935 384 1999; x_wconf 90' lang='lat' dir='ltr'>Ut</span> <span class='ocrx_word' id='word_1_87' title='bbox 403 1936 507 1999; x_wconf 91' lang='lat' dir='ltr'>solum</span> <span class='ocrx_word' id='word_1_88' title='bbox 525 1935 730 2015; x_wconf 78' lang='lat' dir='ltr'>infinitirnm,</span> <span class='ocrx_word' id='word_1_89' title='bbox 750 1936 794 1998; x_wconf 89' lang='lat' dir='ltr'>ita</span> <span class='ocrx_word' id='word_1_90' title='bbox 809 1936 903 1998; x_wconf 91' lang='lat' dir='ltr'>etiam</span> <span class='ocrx_word' id='word_1_91' title='bbox 922 1935 976 1997; x_wconf 87' lang='lat' dir='ltr'>inf.</span> <span class='ocrx_word' id='word_1_92' title='bbox 997 1954 1071 1998; x_wconf 91' lang='lat' dir='ltr'>cum</span> <span class='ocrx_word' id='word_1_93' title='bbox 1080 1940 1156 2018; x_wconf 86' lang='lat' dir='ltr'>part</span> <span class='ocrx_word' id='word_1_94' title='bbox 1178 1930 1258 1996; x_wconf 74' lang='lat' dir='ltr'>aiore</span> <span class='ocrx_word' id='word_1_95' title='bbox 1278 1940 1460 2021; x_wconf 86' lang='lat' dir='ltr'>saepissime</span> 
     </span>
     <span class='ocr_line' id='line_1_14' title="bbox 259 2050 1458 2134; baseline 0.003 -21"><span class='ocrx_word' id='word_1_96' title='bbox 259 2071 474 2134; x_wconf 87' lang='lat' dir='ltr'><strong>pronomen</strong></span> <span class='ocrx_word' id='word_1_97' title='bbox 514 2051 564 2114; x_wconf 83' lang='lat' dir='ltr'>vel</span> <span class='ocrx_word' id='word_1_98' title='bbox 596 2050 827 2115; x_wconf 82' lang='lat' dir='ltr'>adverbium</span> <span class='ocrx_word' id='word_1_99' title='bbox 864 2050 1216 2114; x_wconf 81' lang='lat' dir='ltr'>demonstrativum</span> <span class='ocrx_word' id='word_1_100' title='bbox 1250 2054 1458 2117; x_wconf 71' lang='lat' dir='ltr'>antecedit</span> 
     </span>
    </p>
   </div>
   <div class='ocr_carea' id='block_1_7' title="bbox 260 2163 1459 2363">
    <p class='ocr_par' dir='ltr' id='par_1_7' title="bbox 260 2163 1459 2363">
     <span class='ocr_line' id='line_1_15' title="bbox 261 2163 1459 2249; baseline 0.003 -21"><span class='ocrx_word' id='word_1_101' title='bbox 261 2163 353 2240; x_wconf 81' lang='lat' dir='ltr'>Quod</span> <span class='ocrx_word' id='word_1_102' title='bbox 374 2186 448 2230; x_wconf 91' lang='lat' dir='ltr'>cum</span> <span class='ocrx_word' id='word_1_103' title='bbox 467 2169 532 2229; x_wconf 89' lang='lat' dir='ltr'>iam</span> <span class='ocrx_word' id='word_1_104' title='bbox 543 2166 619 2229; x_wconf 90' lang='lat' dir='ltr'>locis</span> <span class='ocrx_word' id='word_1_105' title='bbox 633 2185 729 2248; x_wconf 91' lang='lat' dir='ltr'>supra</span> <span class='ocrx_word' id='word_1_106' title='bbox 748 2166 940 2228; x_wconf 83' lang='lat' dir='ltr'>enumeratis</span> <span class='ocrx_word' id='word_1_107' title='bbox 951 2184 1185 2248; x_wconf 89' lang='lat' dir='ltr'>nonnunquam</span> <span class='ocrx_word' id='word_1_108' title='bbox 1194 2168 1349 2249; x_wconf 77' lang='lat' dir='ltr'>acciderit,</span> <span class='ocrx_word' id='word_1_109' title='bbox 1372 2188 1459 2232; x_wconf 88' lang='lat' dir='ltr'>nune</span> 
     </span>
     <span class='ocr_line' id='line_1_16' title="bbox 260 2280 893 2363; baseline -0.006 -17"><span class='ocrx_word' id='word_1_110' title='bbox 260 2288 361 2346; x_wconf 87' lang='lat' dir='ltr'>cetera</span> <span class='ocrx_word' id='word_1_111' title='bbox 380 2283 536 2347; x_wconf 88' lang='lat' dir='ltr'>eiusmodi</span> <span class='ocrx_word' id='word_1_112' title='bbox 556 2281 700 2363; x_wconf 85' lang='lat' dir='ltr'>exempla</span> <span class='ocrx_word' id='word_1_113' title='bbox 719 2280 893 2343; x_wconf 83' lang='lat' dir='ltr'>afferamus.</span> 
     </span>
    </p>
   </div>
   <div class='ocr_carea' id='block_1_8' title="bbox 256 2411 1457 3192">
    <p class='ocr_par' dir='ltr' id='par_1_8' title="bbox 256 2411 1457 3192">
     <span class='ocr_line' id='line_1_17' title="bbox 460 2411 694 2492; baseline -0.009 -14"><span class='ocrx_word' id='word_1_114' title='bbox 460 2440 580 2492; x_wconf 79' lang='grc' dir='ltr'><em>συτιυ,</em></span> <span class='ocrx_word' id='word_1_115' title='bbox 606 2411 694 2477; x_wconf 75' lang='grc' dir='ltr'><em>ὥστε.</em></span> 
     </span>
     <span class='ocr_line' id='line_1_18' title="bbox 338 2523 1340 2617; baseline 0.004 -25"><span class='ocrx_word' id='word_1_116' title='bbox 338 2536 364 2617; x_wconf 68' lang='grc' dir='ltr'>Ι1</span> <span class='ocrx_word' id='word_1_117' title='bbox 375 2536 442 2599; x_wconf 73' lang='grc'>212.</span> <span class='ocrx_word' id='word_1_118' title='bbox 481 2531 629 2610; x_wconf 76' lang='grc' dir='ltr'><em>μαίνεσθε</em></span> <span class='ocrx_word' id='word_1_119' title='bbox 650 2523 741 2607; x_wconf 69' lang='grc' dir='ltr'><em>οἵτε),</em></span> <span class='ocrx_word' id='word_1_120' title='bbox 765 2524 843 2592; x_wconf 76' lang='grc' dir='ltr'><em>ὥστε</em></span> <span class='ocrx_word' id='word_1_121' title='bbox 863 2530 1054 2594; x_wconf 69' lang='grc' dir='ltr'><em>ἐπαναπλέειν</em></span> <span class='ocrx_word' id='word_1_122' title='bbox 1074 2531 1146 2612; x_wconf 74' lang='grc' dir='ltr'><em>ὑμῖν</em></span> <span class='ocrx_word' id='word_1_123' title='bbox 1167 2530 1236 2595; x_wconf 62' lang='grc' dir='ltr'><em>ἔπεα</em></span> <span class='ocrx_word' id='word_1_124' title='bbox 1255 2531 1340 2596; x_wconf 85' lang='grc' dir='ltr'><em>κακιί.</em></span> 
     </span>
     <span class='ocr_line' id='line_1_19' title="bbox 337 2642 1457 2733; baseline 0.004 -25"><span class='ocrx_word' id='word_1_125' title='bbox 337 2649 449 2731; x_wconf 68' lang='lat' dir='ltr'><strong>IV‚46.</strong></span> <span class='ocrx_word' id='word_1_126' title='bbox 490 2643 524 2708; x_wconf 80' lang='grc' dir='ltr'>τὸ</span> <span class='ocrx_word' id='word_1_127' title='bbox 553 2645 586 2708; x_wconf 72' lang='grc' dir='ltr'>δὲ</span> <span class='ocrx_word' id='word_1_128' title='bbox 606 2646 749 2728; x_wconf 82' lang='grc' dir='ltr'><em>μίμστσν</em></span> <span class='ocrx_word' id='word_1_129' title='bbox 777 2642 858 2709; x_wconf 74' lang='grc' dir='ltr'><em>οὕτω</em></span> <span class='ocrx_word' id='word_1_130' title='bbox 888 2671 943 2731; x_wconf 85' lang='grc' dir='ltr'>σφι</span> <span class='ocrx_word' id='word_1_131' title='bbox 967 2645 1140 2731; x_wconf 72' lang='grc' dir='ltr'><em>ἀνεύρηται,</em></span> <span class='ocrx_word' id='word_1_132' title='bbox 1170 2644 1248 2712; x_wconf 69' lang='lat' dir='ltr'>doce</span> <span class='ocrx_word' id='word_1_133' title='bbox 1275 2645 1457 2733; x_wconf 75' lang='grc' dir='ltr'><em>ἄπυφυγίειν</em></span> 
     </span>
     <span class='ocr_line' id='line_1_20' title="bbox 256 2762 518 2847; baseline 0 -24"><span class='ocrx_word' id='word_1_134' title='bbox 256 2762 371 2844; x_wconf 70' lang='grc' dir='ltr'><em>μηδένα</em></span> <span class='ocrx_word' id='word_1_135' title='bbox 393 2809 429 2824; x_wconf 92' lang='grc'>..</span> <span class='ocrx_word' id='word_1_136' title='bbox 516 2843 518 2847; x_wconf 88' lang='lat'>.</span> 
     </span>
     <span class='ocr_line' id='line_1_21' title="bbox 336 2871 1457 2963; baseline 0.004 -25"><span class='ocrx_word' id='word_1_137' title='bbox 336 2881 425 2962; x_wconf 71' lang='lat' dir='ltr'>VIH,</span> <span class='ocrx_word' id='word_1_138' title='bbox 437 2882 502 2946; x_wconf 84' lang='lat'>138.</span> <span class='ocrx_word' id='word_1_139' title='bbox 544 2871 624 2940; x_wconf 76' lang='grc' dir='ltr'><em>οὕτω</em></span> <span class='ocrx_word' id='word_1_140' title='bbox 646 2875 751 2961; x_wconf 75' lang='grc' dir='ltr'><em>ε’ρῤύη,</em></span> <span class='ocrx_word' id='word_1_141' title='bbox 776 2871 855 2940; x_wconf 75' lang='grc' dir='ltr'><em>ὥστε</em></span> <span class='ocrx_word' id='word_1_142' title='bbox 875 2875 948 2951; x_wconf 80' lang='grc' dir='ltr'><em>τοὺς</em></span> <span class='ocrx_word' id='word_1_143' title='bbox 968 2877 1077 2952; x_wconf 78' lang='grc' dir='ltr'><em>ἱππίας</em></span> <span class='ocrx_word' id='word_1_144' title='bbox 1096 2877 1141 2960; x_wconf 81' lang='grc' dir='ltr'>μὴ</span> <span class='ocrx_word' id='word_1_145' title='bbox 1164 2879 1247 2952; x_wconf 72' lang='grc' dir='ltr'><em>οἵους</em></span> <span class='ocrx_word' id='word_1_146' title='bbox 1266 2903 1298 2941; x_wconf 83' lang='grc' dir='ltr'><em>τε</em></span> <span class='ocrx_word' id='word_1_147' title='bbox 1317 2879 1457 2963; x_wconf 69' lang='grc' dir='ltr'><em>γενέσθαι</em></span> 
     </span>
     <span class='ocr_line' id='line_1_22' title="bbox 257 2995 775 3076; baseline 0.012 -21"><span class='ocrx_word' id='word_1_148' title='bbox 257 2995 408 3076; x_wconf 74' lang='grc' dir='ltr'><em>διαβῆναι.</em></span> <span class='ocrx_word' id='word_1_149' title='bbox 773 3056 775 3061; x_wconf 77' lang='grc'>,</span> 
     </span>
     <span class='ocr_line' id='line_1_23' title="bbox 336 3109 727 3192; baseline -0.003 -19"><span class='ocrx_word' id='word_1_150' title='bbox 336 3109 396 3192; x_wconf 80' lang='lat' dir='ltr'>IX,</span> <span class='ocrx_word' id='word_1_151' title='bbox 407 3112 452 3177; x_wconf 85' lang='grc'>61.</span> <span class='ocrx_word' id='word_1_152' title='bbox 475 3112 521 3178; x_wconf 81' lang='lat'>70.</span> <span class='ocrx_word' id='word_1_153' title='bbox 561 3110 650 3192; x_wconf 83' lang='lat' dir='ltr'>VIII,</span> <span class='ocrx_word' id='word_1_154' title='bbox 660 3111 727 3174; x_wconf 86' lang='lat'>144.</span> 
     </span>
    </p>
   </div>
   <div class='ocr_carea' id='block_1_9' title="bbox 335 3247 1102 3558">
    <p class='ocr_par' dir='ltr' id='par_1_9' title="bbox 335 3247 1102 3558">
     <span class='ocr_line' id='line_1_24' title="bbox 455 3247 657 3317; baseline -0.005 -11"><span class='ocrx_word' id='word_1_155' title='bbox 455 3247 657 3317; x_wconf 81' lang='grc' dir='ltr'><em>τοσοῦτος</em></span> 
     </span>
     <span class='ocr_line' id='line_1_25' title="bbox 335 3354 1071 3443; baseline 0.003 -23"><span class='ocrx_word' id='word_1_156' title='bbox 335 3360 439 3441; x_wconf 75' lang='lat' dir='ltr'>I‚107.</span> <span class='ocrx_word' id='word_1_157' title='bbox 467 3356 596 3441; x_wconf 75' lang='grc' dir='ltr'><em>οὐρῆσαι</em></span> <span class='ocrx_word' id='word_1_158' title='bbox 617 3363 775 3437; x_wconf 78' lang='grc' dir='ltr'><em>τοσοῦτον,</em></span> <span class='ocrx_word' id='word_1_159' title='bbox 799 3354 878 3423; x_wconf 77' lang='grc' dir='ltr'><em>ὥστε</em></span> <span class='ocrx_word' id='word_1_160' title='bbox 897 3363 1011 3443; x_wconf 74' lang='grc' dir='ltr'><em>πλῆσαι</em></span> <span class='ocrx_word' id='word_1_161' title='bbox 1033 3407 1040 3422; x_wconf 92' lang='grc'><strong>.</strong></span> <span class='ocrx_word' id='word_1_162' title='bbox 1064 3408 1071 3422; x_wconf 94' lang='grc'><strong>.</strong></span> 
     </span>
     <span class='ocr_line' id='line_1_26' title="bbox 335 3471 1102 3558; baseline 0.004 -23"><span class='ocrx_word' id='word_1_163' title='bbox 335 3477 467 3558; x_wconf 70' lang='lat' dir='ltr'>IV,160.</span> <span class='ocrx_word' id='word_1_164' title='bbox 508 3473 644 3555; x_wconf 74' lang='grc' dir='ltr'><em>ἐνίκησαν</em></span> <span class='ocrx_word' id='word_1_165' title='bbox 665 3478 806 3553; x_wconf 80' lang='grc' dir='ltr'><em>τοσοῦτο,</em></span> <span class='ocrx_word' id='word_1_166' title='bbox 828 3471 906 3537; x_wconf 74' lang='grc' dir='ltr'><em>ὥστε</em></span> <span class='ocrx_word' id='word_1_167' title='bbox 927 3521 935 3537; x_wconf 91' lang='grc'><strong>.</strong></span> <span class='ocrx_word' id='word_1_168' title='bbox 956 3521 964 3537; x_wconf 91' lang='grc'><strong>.</strong></span> <span class='ocrx_word' id='word_1_169' title='bbox 983 3475 1102 3538; x_wconf 85' lang='grc' dir='ltr'><em>πεσίειν.</em></span> 
     </span>
    </p>
   </div>
   <div class='ocr_carea' id='block_1_10' title="bbox 455 3614 577 3673">
    <p class='ocr_par' dir='ltr' id='par_1_10' title="bbox 455 3614 577 3673">
     <span class='ocr_line' id='line_1_27' title="bbox 455 3614 577 3673; baseline -0.016 0"><span class='ocrx_word' id='word_1_170' title='bbox 455 3614 577 3673; x_wconf 74' lang='grc' dir='ltr'><em>ταῦτα</em></span> 
     </span>
    </p>
   </div>
   <div class='ocr_carea' id='block_1_11' title="bbox 334 3723 1453 3819">
    <p class='ocr_par' dir='ltr' id='par_1_11' title="bbox 334 3723 1453 3819">
     <span class='ocr_line' id='line_1_28' title="bbox 334 3723 1453 3819; baseline -0.003 -29"><span class='ocrx_word' id='word_1_171' title='bbox 334 3729 430 3810; x_wconf 76' lang='lat' dir='ltr'><strong>V‚92.</strong></span> <span class='ocrx_word' id='word_1_172' title='bbox 471 3727 496 3788; x_wconf 84' lang='grc' dir='ltr'><em>εί</em></span> <span class='ocrx_word' id='word_1_173' title='bbox 514 3724 571 3809; x_wconf 80' lang='grc' dir='ltr'>γάρ</span> <span class='ocrx_word' id='word_1_174' title='bbox 593 3728 632 3809; x_wconf 70' lang='grc' dir='ltr'>δι’]</span> <span class='ocrx_word' id='word_1_175' title='bbox 654 3723 778 3809; x_wconf 75' lang='grc' dir='ltr'><em>τυῦτόμε</em></span> <span class='ocrx_word' id='word_1_176' title='bbox 796 3725 888 3788; x_wconf 73' lang='grc' dir='ltr'><em>δοκέει</em></span> <span class='ocrx_word' id='word_1_177' title='bbox 908 3725 980 3805; x_wconf 78' lang='grc' dir='ltr'><em>υμῖν</em></span> <span class='ocrx_word' id='word_1_178' title='bbox 1001 3723 1073 3790; x_wconf 74' lang='grc' dir='ltr'><em>εἶναι</em></span> <span class='ocrx_word' id='word_1_179' title='bbox 1091 3724 1230 3810; x_wconf 80' lang='grc' dir='ltr'><em>χρηστὸν</em></span> <span class='ocrx_word' id='word_1_180' title='bbox 1251 3723 1453 3819; x_wconf 70' lang='grc' dir='ltr'><em>ιῧσεετυραν-</em></span> 
     </span>
    </p>
   </div>
   <div class='ocr_carea' id='block_1_12' title="bbox 256 3838 566 3923">
    <p class='ocr_par' dir='ltr' id='par_1_12' title="bbox 256 3838 566 3923">
     <span class='ocr_line' id='line_1_29' title="bbox 256 3838 566 3923; baseline 0.006 -20"><span class='ocrx_word' id='word_1_181' title='bbox 256 3838 406 3906; x_wconf 55' lang='lat' dir='ltr'>animam.</span> <span class='ocrx_word' id='word_1_182' title='bbox 446 3843 566 3923; x_wconf 73' lang='grc' dir='ltr'><strong>Π,126.</strong></span> 
     </span>
    </p>
   </div>
   <div class='ocr_carea' id='block_1_13' title="bbox 253 3978 1477 4521">
    <p class='ocr_par' dir='ltr' id='par_1_13' title="bbox 253 3978 1477 4521">
     <span class='ocr_line' id='line_1_30' title="bbox 334 3978 1453 4061; baseline -0.003 -18"><span class='ocrx_word' id='word_1_183' title='bbox 334 3978 466 4043; x_wconf 81' lang='lat' dir='ltr'>Restant</span> <span class='ocrx_word' id='word_1_184' title='bbox 487 3980 510 4040; x_wconf 90' lang='lat' dir='ltr'>ii</span> <span class='ocrx_word' id='word_1_185' title='bbox 531 3979 601 4060; x_wconf 68' lang='lat' dir='ltr'>loci,</span> <span class='ocrx_word' id='word_1_186' title='bbox 621 3981 656 4042; x_wconf 90' lang='lat' dir='ltr'>in</span> <span class='ocrx_word' id='word_1_187' title='bbox 678 3979 794 4061; x_wconf 89' lang='lat' dir='ltr'>quibus</span> <span class='ocrx_word' id='word_1_188' title='bbox 814 3979 902 4042; x_wconf 84' lang='lat' dir='ltr'>nullo</span> <span class='ocrx_word' id='word_1_189' title='bbox 922 3978 1018 4043; x_wconf 86' lang='lat' dir='ltr'>verbo</span> <span class='ocrx_word' id='word_1_190' title='bbox 1038 3987 1094 4043; x_wconf 84' lang='lat' dir='ltr'>aut</span> <span class='ocrx_word' id='word_1_191' title='bbox 1114 3979 1359 4043; x_wconf 86' lang='lat' dir='ltr'>demonstrativa</span> <span class='ocrx_word' id='word_1_192' title='bbox 1375 3996 1453 4040; x_wconf 87' lang='lat' dir='ltr'>voce</span> 
     </span>
     <span class='ocr_line' id='line_1_31' title="bbox 254 4082 1477 4179; baseline -0.005 -19"><span class='ocrx_word' id='word_1_193' title='bbox 254 4096 458 4179; x_wconf 78' lang='lat' dir='ltr'>praecedente</span> <span class='ocrx_word' id='word_1_194' title='bbox 479 4095 710 4158; x_wconf 85' lang='lat' dir='ltr'>consecutionis</span> <span class='ocrx_word' id='word_1_195' title='bbox 730 4096 809 4157; x_wconf 85' lang='lat' dir='ltr'>ratio</span> <span class='ocrx_word' id='word_1_196' title='bbox 829 4095 934 4177; x_wconf 87' lang='lat' dir='ltr'>potius</span> <span class='ocrx_word' id='word_1_197' title='bbox 954 4113 1042 4157; x_wconf 77' lang='lat' dir='ltr'>nexu</span> <span class='ocrx_word' id='word_1_198' title='bbox 1062 4095 1290 4158; x_wconf 86' lang='lat' dir='ltr'>sententiarum</span> <span class='ocrx_word' id='word_1_199' title='bbox 1311 4082 1477 4158; x_wconf 82' lang='lat' dir='ltr'>efficitu.‘</span> 
     </span>
     <span class='ocr_line' id='line_1_32' title="bbox 254 4199 1452 4293; baseline -0.001 -22"><span class='ocrx_word' id='word_1_200' title='bbox 254 4209 281 4271; x_wconf 85' lang='lat' dir='ltr'>E</span> <span class='ocrx_word' id='word_1_201' title='bbox 303 4209 420 4292; x_wconf 89' lang='lat' dir='ltr'>quibus</span> <span class='ocrx_word' id='word_1_202' title='bbox 429 4212 569 4293; x_wconf 91' lang='lat' dir='ltr'>primum</span> <span class='ocrx_word' id='word_1_203' title='bbox 590 4228 644 4273; x_wconf 89' lang='lat' dir='ltr'>eos</span> <span class='ocrx_word' id='word_1_204' title='bbox 664 4227 958 4287; x_wconf 80' lang='lat' dir='ltr'>commemoramus,</span> <span class='ocrx_word' id='word_1_205' title='bbox 977 4209 1144 4292; x_wconf 90' lang='lat' dir='ltr'>inquibus</span> <span class='ocrx_word' id='word_1_206' title='bbox 1161 4199 1344 4286; x_wconf 77' lang='grc' dir='ltr'><em>σῦτυῶστε,</em></span> <span class='ocrx_word' id='word_1_207' title='bbox 1364 4207 1452 4270; x_wconf 84' lang='lat' dir='ltr'>nulla</span> 
     </span>
     <span class='ocr_line' id='line_1_33' title="bbox 254 4322 1452 4407; baseline -0.003 -21"><span class='ocrx_word' id='word_1_208' title='bbox 254 4327 506 4407; x_wconf 84' lang='lat' dir='ltr'>interpunctione</span> <span class='ocrx_word' id='word_1_209' title='bbox 517 4324 658 4404; x_wconf 77' lang='lat' dir='ltr'>diremta,</span> <span class='ocrx_word' id='word_1_210' title='bbox 680 4325 770 4406; x_wconf 89' lang='lat' dir='ltr'>quasi</span> <span class='ocrx_word' id='word_1_211' title='bbox 784 4324 819 4385; x_wconf 91' lang='lat' dir='ltr'>in</span> <span class='ocrx_word' id='word_1_212' title='bbox 840 4343 943 4386; x_wconf 91' lang='lat' dir='ltr'>unum</span> <span class='ocrx_word' id='word_1_213' title='bbox 960 4325 1129 4387; x_wconf 86' lang='lat' dir='ltr'>coniuncta</span> <span class='ocrx_word' id='word_1_214' title='bbox 1143 4328 1231 4402; x_wconf 83' lang='lat' dir='ltr'>sunt3</span> <span class='ocrx_word' id='word_1_215' title='bbox 1255 4322 1367 4385; x_wconf 90' lang='lat' dir='ltr'>deinde</span> <span class='ocrx_word' id='word_1_216' title='bbox 1388 4340 1452 4400; x_wconf 83' lang='lat' dir='ltr'>eos,</span> 
     </span>
     <span class='ocr_line' id='line_1_34' title="bbox 253 4430 1230 4521; baseline -0.005 -20"><span class='ocrx_word' id='word_1_217' title='bbox 253 4441 288 4501; x_wconf 91' lang='lat' dir='ltr'>in</span> <span class='ocrx_word' id='word_1_218' title='bbox 310 4437 426 4521; x_wconf 86' lang='lat' dir='ltr'>quibus</span> <span class='ocrx_word' id='word_1_219' title='bbox 448 4431 527 4499; x_wconf 78' lang='grc' dir='ltr'><em>ὥστε</em></span> <span class='ocrx_word' id='word_1_220' title='bbox 547 4439 631 4502; x_wconf 90' lang='lat' dir='ltr'>idem</span> <span class='ocrx_word' id='word_1_221' title='bbox 652 4439 755 4502; x_wconf 85' lang='lat' dir='ltr'>valere</span> <span class='ocrx_word' id='word_1_222' title='bbox 776 4439 910 4517; x_wconf 82' lang='lat' dir='ltr'>videtur,</span> <span class='ocrx_word' id='word_1_223' title='bbox 932 4439 1016 4519; x_wconf 93' lang='lat' dir='ltr'>qnod</span> <span class='ocrx_word' id='word_1_224' title='bbox 1038 4430 1119 4497; x_wconf 77' lang='grc' dir='ltr'><em>οὕτω</em></span> <span class='ocrx_word' id='word_1_225' title='bbox 1143 4430 1230 4497; x_wconf 72' lang='grc' dir='ltr'><em>ὥστε.</em></span> 
     </span>
    </p>
   </div>
   <div class='ocr_carea' id='block_1_14' title="bbox 0 0 1734 4870">
    <p class='ocr_par' dir='ltr' id='par_1_14' title="bbox 0 0 1734 4870">
     <span class='ocr_line' id='line_1_35' title="bbox 0 0 1734 4870; baseline 0 3"><span class='ocrx_word' id='word_1_226' title='bbox 0 0 1734 4870; x_wconf 95' lang='lat' dir='ltr'> </span> 
     </span>
    </p>
   </div>
  </div>
 </body>
</html>
