3458 4870
795 376 994 445 ..18..

290 574 363 621 rum
384 554 423 622 de
443 536 481 621 e¹a
499 577 534 622 re
553 559 669 622 iudicia
689 579 754 622 non
773 565 849 623 sunt
868 560 1062 644 negligenda
1103 560 1186 625 Sunt
1214 562 1300 625 enim
1321 560 1377 645 qui
1394 561 1495 625 omni-

292 673 353 737 bus
373 674 438 737 fere
459 674 613 738 eiusmodi
634 677 806 739 enuntiatis
829 677 990 739 notionem
1008 676 1137 739 finalem
1153 678 1257 740 inesse
1277 683 1441 759 censeant,
1459 679 1496 740 in

294 788 411 870 quibus
436 794 484 853 est
503 789 704 873 Hartungius
733 789 864 870 (Griech.
885 789 967 853 Part
997 790 1038 866 Π,
1062 811 1091 873 p.
1113 790 1191 873 116),
1218 794 1273 874 qui
1299 792 1387 855 dicit:
1421 792 1495 874 ,diei

285 897 372 963 ’ὥστε
394 905 476 967 steht
496 905 551 967 der
570 904 640 985 Ini,
659 924 754 969 wenn
775 906 825 969 die
844 904 939 988 Folge
959 907 993 967 in
1004 906 1211 990 demjenigen
1233 928 1298 970 was
1310 907 1495 992 derHaupt-

293 1023 358 1082 sata
391 1020 526 1100 enthttlt,
555 1019 743 1083 verbereitet
767 1020 845 1083 und
869 1020 1077 1103 beabsichtigt
1107 1020 1172 1085 1311ί
1213 1020 1328 1086 Contra
1349 1022 1495 1087 Klotzius

295 1133 345 1213 (ad
370 1131 483 1196 Devar.
510 1154 539 1216 p.
562 1136 621 1199 772
647 1133 687 1213 ff.)
717 1139 811 1217 negat
835 1155 981 1219 unquam
1007 1127 1086 1196 ὥστε
1114 1136 1283 1200 consilium
1310 1137 1494 1221 significare,

293 1269 367 1313 cum
387 1250 433 1312 nil
453 1251 516 1314 nisi
537 1250 683 1313 effectum
705 1249 828 1313 indicet
869 1250 918 1313 Ea
938 1255 1044 1315 autem
1064 1252 1133 1334 ipsa
1143 1253 1295 1336 exempla
1316 1273 1397 1337 quae
1405 1253 1494 1318 affert

294 1364 398 1446 (Thuc.
429 1364 485 1446 IV,
505 1365 552 1429 37.
573 1364 656 1428 Xon.
676 1364 737 1427 An.
760 1364 801 1446 IL
822 1367 850 1446 6,
863 1367 897 1431 ὅς
928 1371 1035 1440 πονεῖν,
1057 1359 1135 1427 ὥστε
1155 1369 1300 1445 πολεμεῖν,
1325 1367 1385 1447 all)
1406 1369 1495 1432 finali

292 1481 419 1541 notione
447 1479 595 1542 destituta
621 1498 689 1542 esse
717 1481 773 1542 vix
800 1481 970 1563 quisquam
994 1481 1150 1545 concedat
1171 1521 1210 1529 -
1230 1483 1366 1547 leimi
1387 1486 1493 1567 potius

292 1594 433 1657 medium
460 1594 610 1677 quiddam
638 1598 781 1659 tenentes
809 1585 886 1655 ὥστε
915 1615 939 1659 e.
964 1596 1018 1659 ini.
1044 1616 1109 1659 non
1135 1616 1258 1681 semper
1286 1598 1415 1681 quidem
1438 1600 1493 1663 sed

292 1710 417 1792 saepius
442 1709 609 1772 consilium
636 1709 812 1792 significare
833 1715 1018 1773 statuerunt
1040 1710 1197 1792 (Passum,
1218 1711 1292 1775 Lex.
1315 1731 1337 1776 s,
1354 1733 1383 1775 v,
1405 1705 1491 1776 ὥστε,

291 1823 421 1907 Berger⁷
454 1823 573 1887 Gnech.
601 1823 827 1908 Schnlgramm.
855 1825 969 1906 Wilde,
1000 1826 1038 1888 de
1063 1831 1140 1909 part
1167 1818 1254 1888 ὥστε,
1295 1828 1492 1911 Baeumlein,

292 1937 413 2001 (iiiech.
439 1938 520 2001 Pa1t
546 1960 574 2022 p.
596 1940 664 2004 273.
707 1939 768 2003 Sed
799 1940 884 2023 quod
903 1939 940 2003 B.
964 1941 1047 2022 dicit⁷
1074 1946 1158 2023 tum,
1187 1961 1261 2006 cum
1281 1945 1367 2007 notio
1387 1943 1492 2007 finalis

291 2055 453 2150 enuntiato
479 2055 568 2135 insit,
596 2055 784 2137 plerumque
811 2050 862 2136 ὥς,
884 2075 954 2118 raro
976 2046 1054 2115 ὥστε
1072 2057 1217 2139 inveniri,
1240 2057 1317 2140 quid
1337 2057 1397 2121 sibi
1417 2057 1493 2121 velit

291 2188 356 2231 non
381 2167 540 2252 intelligo.)
582 2167 772 2234 Kuehnerus
801 2176 907 2234 autem
927 2191 955 2253 p.
978 2172 1056 2236 1005
1076 2171 1105 2234 d.
1123 2176 1217 2251 negat
1236 2171 1311 2234 talia
1331 2174 1493 2236 enuntiata

290 2283 439 2348 finalibus
463 2304 593 2368 prorsus
619 2285 708 2367 paria
734 2303 803 2348 esse
830 2284 987 2362 habendas
1013 2285 1091 2349 haec
1118 2287 1203 2350 enim
1228 2305 1262 2350 re
1292 2305 1367 2351 vera
1386 2287 1492 2368 finem,

289 2400 344 2462 illa
367 2400 415 2462 nil
435 2401 498 2463 nisi
524 2399 670 2462 effectum
689 2399 740 2462 vel
759 2401 1013 2463 consecutionem
1033 2400 1184 2480 indicans,
1203 2403 1248 2464 ita
1265 2406 1303 2465 ut
1322 2402 1491 2465 consilium

290 2515 357 2577 selo
385 2515 611 2578 sententiarum
636 2532 725 2576 nexu
750 2517 964 2596 cognoscatur.
1005 2513 1118 2597 Neque
1138 2520 1245 2579 tamen
1264 2517 1314 2579 his
1336 2536 1416 2599 opus
1436 2521 1490 2580 est

289 2624 334 2692 Ut
352 2631 438 2692 enim
457 2630 522 2692 iam
541 2628 718 2692 infinitivus
738 2632 921 2711 utumque,
940 2634 972 2692 et
991 2630 1161 2693 consilium
1183 2635 1214 2694 et
1225 2633 1490 2713 consecutionem,

291 2744 466 2827 significare
492 2749 601 2828 potest
627 2745 672 2808 ita
691 2745 785 2807 etiam
807 2735 885 2803 ὥστε
906 2763 930 2806 c.
952 2744 1006 2806 inf.
1032 2744 1177 2808 similiter
1198 2750 1377 2827 usurpatur.
1419 2743 1492 2808 Cer·

291 2860 411 2922 tissime
431 2858 464 2921 id
484 2859 689 2922 confirmatur
710 2877 747 2921 ea
764 2878 798 2922 re
819 2858 905 2940 quod
924 2878 981 2942 pro
1002 2850 1081 2919 ὥστε
1103 2858 1273 2942 particulas
1292 2858 1404 2923 finales
1416 2858 1491 2923 sub-

290 2975 418 3038 stituere
451 2974 541 3053 licet3
582 2978 676 3056 atque
701 2972 816 3035 utillo
841 2972 909 3035 loco
934 2973 984 3036 IX
1010 2975 1050 3038 99
1083 2967 1307 3055 (συνεφόρησαν
1332 2969 1371 3035 τὰ
1398 2972 1490 3054 γέρρα

290 3084 375 3168 ἕρκος
399 3081 475 3147 εἶναι
496 3087 563 3170 σφι)
591 3087 768 3151 manvus
793 3088 878 3151 uem
903 3089 987 3152 vala
1007 3088 1092 3172 quoa
1106 3085 1158 3147 aaa
1182 3137 1188 3152 .
1212 3135 1220 3151 .
1244 3137 1250 3150 .
1272 3084 1329 3173 aa,
1357 3090 1401 3152 aa
1421 3089 1489 3152 1000
1566 3071 1574 3087 “

291 3201 435 3285 Xenoph.
474 3222 493 3265 a
522 3201 694 3266 Kuehnero
723 3204 791 3286 ipso
824 3203 916 3266 allato
957 3202 1047 3282 (Heli
1078 3202 1119 3278 H,
1140 3205 1172 3284 4,
1202 3206 1236 3268 8:
1275 3198 1491 3283 ἐβουλήθησαν

289 3311 441 3376 Ἐλευσῖνα
451 3311 681 3390 ἐξιδιώσασθαι,
704 3308 782 3377 ὥστε
806 3310 878 3376 εἶναι
897 3318 986 3399 σφίσι
1000 3314 1190 3399 καταφυγήν)
1213 3337 1278 3381 non
1289 3317 1423 3382 dubium
1434 3324 1489 3399 est,

290 3433 369 3513 quin
389 3431 443 3493 inf.
466 3451 490 3494 c.
513 3422 592 3490 ὥστε
612 3430 704 3514 plane
724 3431 829 3495 finalis
849 3433 1074 3497 enuntiationis
1094 3434 1164 3496 vice
1183 3432 1342 3516 fungatur.

369 3544 460 3626 Sane,
481 3546 605 3628 saepius
621 3546 707 3608 notio
724 3545 828 3609 finalis
846 3547 929 3610 inest
940 3546 1068 3629 quidem
1079 3548 1297 3628 enuntiationi,
1313 3567 1372 3612 nec
1381 3552 1487 3612 tamen

287 3660 331 3722 ita
350 3664 387 3722 ut
407 3660 504 3723 altera
522 3678 652 3743 prorsus
671 3678 728 3744 pro
749 3660 846 3723 altera
866 3661 942 3744 poni
961 3662 1067 3745 possit

369 3773 421 3835 Ex
440 3772 626 3838 Herodoteis
654 3779 761 3837 autem
781 3774 859 3838 locis
879 3780 990 3857 quarta
1007 3776 1071 3839 fere
1091 3797 1164 3859 pars
1184 3777 1307 3840 consilii
1327 3778 1487 3840 notionem

289 3888 450 3951 continere
470 3889 602 3952 videtun

367 4001 425 4084 HI,
446 4004 485 4067 15
510 3996 641 4080 ἀπέλαβε
662 3994 700 4063 ἂν
721 3999 803 4084 Ata,
828 3994 906 4064 ὥστε
927 4001 1021 4084 intro.
1044 3997 1149 4082 αὐτῆς.
1171 4004 1219 4071 48.
1240 3998 1416 4082 συνεπελάβ.
1431 4005 1488 4064 τοῦ

289 4134 405 4194 ornat„
425 4107 664 4196 ὥστεγενέσθαι
684 4161 692 4177 .
713 4160 722 4179 .
745 4163 753 4182 .
777 4117 926 4184 Similiter
946 4118 1011 4198 L9.
1031 4119 1072 4184 82
1093 4120 1159 4186 116.
1180 4119 1375 4201 Ν,46.136·
1395 4119 1492 4202 VH).

287 4228 358 4310 VH,
370 4232 396 4296 6.
416 4231 482 4311 9,2.
502 4229 589 4312 vim
608 4233 653 4297 19.
671 4234 710 4309 57
734 4232 812 4313 (bis).

365 4341 414 4406 De
439 4344 602 4408 nonnullis
623 4344 760 4408 dubitari
780 4350 889 4429 potest
910 4351 1018 4411 umam
1039 4349 1125 4411 notio
1147 4347 1252 4411 finalis
1272 4348 1357 4431 insit,
1378 4368 1485 4413 necne.

371 4455 394 4534 I,
408 4459 455 4521 98.
476 4456 523 4515 καὶ
546 4455 580 4518 τὸ
601 4458 719 4538 χωρίον
740 4456 907 4537 συμμαχέει
929 4505 936 4518 .
959 4505 966 4518 .
989 4452 1068 4521 ὥστε
1085 4461 1208 4520 τοιοῦτο
1229 4455 1311 4521 εἶναι.
