3458 4870
733 974 902 1040 VITA.

319 1219 425 1334 Natus
446 1289 520 1333 sum
536 1269 618 1334 Fn'd.
638 1269 819 1334 Theodorus
839 1270 971 1335 Rudloff
987 1291 1013 1334 a
1034 1271 1062 1333 d
1082 1269 1137 1333 Vl
1158 1270 1220 1334 Cal
1241 1270 1322 1356 Sept
1344 1273 1423 1338 1844

219 1384 413 1467 Bitterfeldii‚
433 1390 521 1469 patre
541 1384 709 1465 Fniderico,
729 1390 829 1448 matre
839 1384 989 1449 Berthae
1008 1390 1101 1468 gente
1115 1384 1304 1467 Bueohandt,
1325 1406 1422 1469 quam

220 1501 323 1565 adhuc
336 1503 444 1564 vivam
464 1520 591 1564 summa
610 1519 684 1564 cum
704 1502 818 1583 pietate
837 1500 913 1563 colo.
955 1499 1165 1583 Cumprimis
1186 1501 1349 1565 literarum
1369 1521 1422 1563 ru-

221 1616 371 1680 dimentis
397 1614 727 1698 ino1phanotropheo
750 1614 883 1679 Halensi
913 1615 1057 1678 imbutus
1081 1634 1198 1696 essem,
1228 1616 1304 1679 inde
1330 1615 1369 1678 ab
1392 1636 1419 1678 a.

220 1733 299 1797 1853
322 1732 528 1815 gymnasium
550 1729 735 1794 Erfurtcnse
760 1730 973 1813 frequentavi,
1003 1731 1059 1794 ubi
1083 1732 1233 1815 auspiciis
1256 1729 1421 1810 Schoeleri,

220 1848 281 1910 viri
301 1847 526 1911 humanissimi
551 1865 607 1929 1111
627 1846 776 1909 undecim
797 1865 897 1909 annos
923 1847 963 1911 ad
987 1846 1093 1910 literas
1118 1846 1258 1910 incubui
1299 1844 1422 1909 Deinde

220 1963 408 2026 maturitatis
437 1961 523 2044 quod
549 1962 665 2025 dicitrn
687 1962 866 2025 testimonio
892 1967 1023 2025 ornatus
1044 1981 1119 2024 cum
1144 1962 1180 2023 in
1205 1959 1421 2025 universitatis

221 2075 370 2141 Jenensis
394 2078 515 2140 civium
535 2096 706 2141 numerum
726 2083 869 2159 receptus
894 2096 1006 2158 essem,
1026 2095 1082 2159 per
1102 2081 1239 2159 quatuor
1259 2074 1422 2138 semestn'a

219 2190 334 2255 scholis
358 2191 605 2257 clarissimorum
625 2193 783 2271 virorum,
815 2191 987 2277 Goetffing,
1011 2191 1209 2275 Nipperdey,
1234 2187 1421 2268 Schleicher,

221 2303 259 2369 K
281 2304 409 2373 Fischer
428 2307 566 2372 interlui.
611 2305 694 2370 Tum
714 2306 814 2371 Halae
839 2326 891 2370 me
911 2307 1045 2389 contuli,
1069 2312 1108 2370 ut
1131 2307 1235 2370 studia
1255 2323 1327 2368 mea
1346 2322 1420 2366 con·

221 2421 394 2506 tinnarem,
424 2423 534 2506 ibique
555 2441 612 2507 per
635 2423 695 2485 tria
721 2422 884 2486 semestria
911 2423 1099 2487 disserentes
1128 2421 1236 2485 audiri
1261 2420 1347 2483 viros
1379 2416 1422 2480 ill

218 2534 414 2620 Bernhardy,
433 2537 548 2622 Bergk,
567 2537 748 2619 Erdmann,
767 2536 849 2618 Pott,
870 2536 999 2617 Zacher;
1026 2537 1120 2602 etiam
1141 2536 1302 2600 seminarii
1321 2532 1422 2618 philo·

218 2650 312 2735 logici
337 2658 368 2717 et
398 2654 555 2719 maenus
582 2650 755 2736 aBerglrio
781 2653 945 2717 institutae
969 2650 1246 2716 exercitationibus
1269 2651 1421 2713 interesse

219 2765 298 2831 mihi
318 2766 415 2833 licuit
426 2805 467 2814 -
487 2767 549 2831 Sed
568 2786 644 2830 oum
662 2785 797 2832 examen
816 2768 901 2850 quod
912 2768 1027 2831 dicihu
1045 2785 1101 2850 pro
1121 2764 1269 2829 facultate
1288 2762 1421 2827 docendi

219 2900 245 2943 a
267 2882 346 2948 1869
363 2902 471 2947 coram
490 2882 620 2966 collegio
640 2881 774 2946 Halensi
795 2883 1027 2963 sustinuissem,
1047 2882 1112 2944 iam
1133 2881 1261 2944 animus
1280 2878 1421 2941 maximo

220 2994 373 3061 desiderio
393 3003 445 3063 est
464 2998 623 3081 impulsus
646 2998 687 3061 ad
704 3017 847 3061 summos
866 2999 902 3063 in
923 2995 1138 3082 philosophiae
1156 2994 1291 3056 honores
1307 2991 1422 3073 adipis·

219 3109 347 3190 cendam
368 3113 426 3196 qui
446 3130 538 3194 spero
554 3111 621 3175 fore
640 3118 678 3175 ut
696 3130 738 3175 111
758 3114 942 3177 auctoritate
962 3109 1151 3194 amplissimi
1170 3107 1280 3191 philos
1302 3105 1366 3169 ord.
1388 3106 1423 3168 in

219 3242 271 3287 me
291 3226 500 3291 conferantm.
